4084 5242
297 135 353 215 26
527 125 747 209 mussa
786 86 1298 226 sncut‘frcrum,
1336 122 1478 208 nar.
1517 126 1582 213 11.

236 246 260 323 ‚,'
279 252 384 324 prum,
407 236 511 318 quovis
533 237 621 300 modo
641 257 677 299 au
699 258 744 300 ere
765 233 1022 319 presumpserint,
1064 278 1085 312 „
1108 222 1305 308 ternitatum,
1320 234 1353 296 δι
1372 233 1495 297 aliorum
1505 254 1773 317 quorumcumque,
1795 251 1859 299 tam

235 368 256 401 ,‚
276 318 449 402 privationis
478 317 611 380 omnium
634 318 663 377 0
696 316 835 393 ciorum,
872 335 934 410 quac
955 332 1025 379 tunc
1065 355 1086 392 ‚,
1109 314 1305 388 secularium,
1325 334 1413 395 quam
1425 314 1609 397 Regularium
1621 319 1785 393 Iocorum,
1807 320 1858 381 Su·

232 446 254 480 „
276 400 418 479 temporis
437 397 637 472 obtinebunt,
669 394 805 479 vocisque
834 398 961 470 adlrva,
991 417 1025 459 ac
1066 437 1088 473 „
1110 394 1256 479 pariorum
1278 414 1329 458 nec
1351 414 1408 459 non
1430 395 1579 471 illorum,
1601 399 1691 462 etiam
1715 402 1860 471 juramen·

232 525 254 560 „
276 480 406 562 passrvae,
430 479 514 561 &lad
534 477 635 541 omnia
659 476 712 540 sua
726 472 1024 559 ReligionisOfficia,
1066 519 1087 553 „
1109 493 1160 549 to,
1182 473 1405 537 confirmatione
1418 476 1607 557 Apollolica,
1629 478 1676 540 vel
1697 479 1800 557 quavis
1814 477 1862 540 fir·
1904 538 1910 548 ,

232 602 254 641 ,,
276 566 307 625 &
328 561 459 643 gradus,
491 555 683 623 isthabiliratis
703 577 869 653 perpetuam
906 577 1023 639 poenam
1064 600 1085 635 „
1108 555 1212 619 mirate
1232 554 1291 616 alia
1311 553 1453 618 roboratis
1474 557 1606 632 statutis,
1629 558 1660 619 dt
1680 558 1861 622 consuetudi·

231 687 255 720 „
278 663 314 705 eo
335 639 396 723 ipso
417 643 585 721 irlcurrere,
615 657 645 701 at
669 661 703 703 ue
723 639 816 712 altis,
847 640 937 702 etiarn
960 658 1023 719 gra·
1063 679 1085 715 „
1107 634 1288 699 nibusetiam
1301 636 1596 711 memorabilibus,
1618 636 1863 717 Privilegiisquo·

234 767 253 803 „
275 722 427 796 vioribus,
451 721 557 785 aSede
581 659 751 799 Apostolica
771 716 936 800 infligendis
966 739 1026 800 poe-
1067 760 1089 793 „
1111 735 1188 796 que,
1211 714 1355 792 lndultis,
1376 718 1407 780 dt
1428 717 1547 780 Litteris
1571 716 1748 799 Apollolicis
1769 722 1861 783 etiam

232 849 255 883 ‚,
277 802 321 865 nis
340 804 425 864 Sacra
453 800 651 884 Congregatio
672 796 812 874 subjacere
844 799 968 875 voluit,
998 798 1029 861 δι
1068 841 1090 873 ,,
1113 796 1194 857 Mari
1226 817 1363 877 magno,
1395 795 1440 859 seu
1461 792 1545 860 Bulla
1566 820 1679 874 aurea,
1708 817 1759 862 aut
1789 796 1863 863 alias

234 930 256 961 ,‚
278 882 458 946 declaravit.
1064 920 1085 956 „
1109 877 1300 956 nuncupatis,
1323 875 1373 940 sub
1393 875 1621 959 quibuscumque
1642 880 1809 956 tenoribus,
1831 881 1863 945 δι

277 1007 296 1040 ,,
319 965 348 1041 §.
375 985 422 1041 15.
446 961 587 1046 Deinceps
608 957 922 1034 vetoMonallerium,
944 957 1023 1020 Con·
1065 1000 1087 1035 „
1108 954 1238 1031 formis,
1260 974 1311 1019 aut
1331 977 1398 1019 cum
1419 956 1570 1039 quibusvis
1589 960 1678 1023 eriam
1708 960 1859 1040 derogato·

232 1092 257 1124 ,‚
278 1061 398 1117 ventus,
423 1041 554 1117 Domus,
577 1044 753 1136 congregat.
775 1038 821 1104 vel
833 1040 960 1111 Societas
971 1039 1024 1101 Re·
1067 1080 1088 1117 „
1113 1036 1218 1099 riarum
1239 1035 1455 1119 derogatoriis,
1479 1037 1597 1120 aliisque
1625 1039 1858 1118 efficacioribus,

234 1130 257 1207 ‚',
279 1124 471 1205 ligiolorum,
504 1121 550 1187 seu
573 1122 760 1205 Regulanum
782 1120 884 1183 nullibi
908 1118 1026 1202 recipia·
1066 1161 1088 1198 ‚,
1110 1115 1287 1212 &insolitis
1316 1115 1477 1194 clausulis,
1509 1141 1559 1182 nec
1591 1141 1649 1184 non
1682 1120 1864 1185 irritantibus
1952 1120 1959 1129 ’

234 1253 257 1286 ,,
279 1221 345 1277 tur,
367 1204 417 1266 nisi
439 1221 540 1285 prater
560 1204 619 1266 alia
638 1203 673 1265 atl
695 1202 722 1264 id
745 1201 901 1282 requisita,
921 1201 952 1261 in
973 1199 1025 1260 sin-
1066 1240 1088 1281 „
1110 1198 1231 1261 decretts
1260 1197 1352 1263 etiam
1375 1215 1459 1262 motu
1511 1199 1638 1282 roprio,
1664 1203 1701 1264 dt
1720 1224 1756 1265 err
1784 1218 1863 1266 certa

198 1360 205 1367 ,
236 1332 258 1365 ,,
279 1283 354 1367 gulis
374 1283 537 1357 hujusmodi
560 1284 630 1347 locis
650 1280 802 1346 duodecim
834 1280 935 1345 saltem
957 1279 1026 1341 Pra-
1068 1322 1089 1360 ‚,
1113 1276 1260 1353 scientia,
1295 1298 1328 1341 ac
1349 1218 1581 1360 deAposnlica
1603 1283 1753 1360 mellaria
1772 1283 1864 1364 pleni-

235 1413 258 1448 „
281 1384 366 1440 tres,
399 1382 449 1429 aut
471 1364 646 1438 Monachi,
670 1357 715 1426 seu
738 1360 875 1441 Religioli
895 1359 929 1426 de
948 1380 1027 1433 ere,
1068 1402 1091 1440 „
1113 1358 1241 1431 tudine,
1262 1375 1313 1422 aot
1334 1357 1648 1440 aliasquomodolibet
1672 1407 1680 1438 ,
1703 1365 1791 1427 etiam
1813 1383 1863 1445 per

234 1490 259 1527 „
280 1445 311 1508 dr
331 1444 573 1521 excedentem,
609 1441 801 1509 &consuetis
821 1440 1027 1523 eleemoynis,
1070 1439 1195 1520 „viam
1217 1439 1504 1503 Communicationis
1525 1440 1570 1505 seu
1591 1442 1763 1507 extensionis
1795 1464 1883 1506 con·

237 1573 260 1608 „
280 1524 416 1590 detradila
435 1525 570 1589 omnibus
591 1568 601 1601 ,
633 1540 666 1588 ut
689 1520 798 1604 supra,
820 1520 1029 1594 detrahendis,
1071 1564 1093 1602 „
1113 1516 1212 1594 cellis,
1235 1519 1266 1583 dt
1287 1520 1399 1585 iteratis
1421 1520 1531 1589 vicibus
1551 1524 1717 1604 approbaris
1737 1569 1745 1600 ,
1768 1525 1799 1587 a
1821 1526 1864 1586 in-

237 1653 259 1689 „
280 1622 479 1690 competenter
500 1604 643 1669 susleutarl
667 1603 810 1676 valeant,
840 1603 876 1667 ad
927 1599 1030 1665 rasori·
1072 1646 1092 1685 ‚,
1115 1601 1259 1678 novatis,
1290 1600 1403 1666 etiamfi
1424 1619 1489 1683 pro-
1508 1600 1625 1667 illorum
1647 1602 1797 1669 sollicitati
1818 1607 1866 1668 de·

232 1730 259 1770 -,‚
283 1686 505 1771 ptumDecreti
527 1684 575 1749 sel.
599 1685 705 1750 record.
728 1682 864 1764 Gregorii
914 1683 956 1745 V.
978 1682 1032 1744 hac
1073 1681 1267 1763 „rogatione
1297 1682 1333 1745 de
1355 1681 1442 1754 illis,
1478 1704 1634 1763 eorumque
1655 1685 1729 1747 teris
1759 1687 1864 1753 tenori-

236 1798 259 1850 ‚·‚
281 1772 318 1831 de
338 1789 367 1830 re
388 1766 487 1831 editi:
517 1766 646 1845 alioquin
668 1764 874 1840 Monalleria,
903 1763 933 1827 dc
969 1762 1034 1826 loca
1073 1808 1094 1845 ,‚
1116 1761 1187 1838 bus,
1207 1762 1238 1824 dt
1259 1760 1379 1837 formis,
1404 1759 1532 1843 specialis
1553 1810 1560 1838 ,
1582 1765 1623 1825 dr
1635 1764 1809 1842 individua,
1831 1788 1865 1830 ac

239 1895 262 1929 „
285 1845 460 1920 hujusmodi
520 1846 596 1912 abac
636 1843 825 1927 recipienda,
866 1844 895 1906 in
928 1843 1033 1925 quibus
1073 1889 1094 1926 „
1115 1843 1150 1905 de
1161 1843 1268 1917 verbo,
1290 1843 1478 1920 adverbum,
1501 1863 1558 1907 non
1569 1864 1664 1910 autem
1687 1866 1738 1930 per
1758 1847 1863 1911 clausu·

240 1974 262 2009 „
283 1928 435 1992 duodecim
470 1867 636 2010 siligine,
668 1923 831 2008 utsupra,
862 1922 1032 1998 sustentari,
1074 1970 1095 2006 ‚,
1118 1922 1160 1986 las
1180 1923 1353 1999 generales,
1377 1924 1487 1988 mentio
1510 1968 1519 2002 ,
1546 1923 1592 1990 seu
1612 1928 1720 2008 quavis
1739 1928 1797 1992 alia
1819 1952 1864 1992 er-

239 2054 261 2088 „
285 2027 371 2088 arque
393 2007 552 2075 inhabitare
573 2026 629 2071 non
652 2021 829 2089 potuerunt,
851 2003 1032 2067 &adiuncti
1072 2050 1095 2087 „
1116 2000 1218 2083 preslio
1248 2004 1404 2081 habenda,
1439 2021 1488 2068 aut
1521 2004 1618 2088 aliqua
1637 2009 1696 2071 alia
1728 2009 1866 2091 exquisna

240 2134 262 2170 ‚,
283 2088 540 2164 inhabitaverint,
571 2086 719 2149 Ordinarii
736 2085 812 2149 -Loci
833 2083 1032 2158 visitationi,
1074 2130 1095 2167 ‚,
1117 2080 1214 2148 forma
1242 2081 1380 2150 servanda
1410 2082 1504 2159 esset,
1540 2103 1653 2151 tenores
1674 2085 1839 2161 hrriusmodl
1855 2135 1867 2166 ,
1942 2102 1944 2108 ’

239 2216 261 2251 ,,
285 2169 494 2245 Correslioni,
517 2185 555 2232 -at
578 2189 612 2232 ue
641 2166 816 2231 omnimoda
838 2164 1033 2238 lurisdidlioni
1073 2209 1096 2247 ‚,
1117 2185 1151 2228 ac
1171 2166 1191 2227 sr
1212 2165 1366 2246 deverbo
1397 2169 1432 2228 ad
1463 2166 1612 2244 verbum,
1644 2166 1717 2230 nihil
1751 2169 1867 2250 penitus

239 2297 262 2331 „
285 2248 408 2323 subiedla
428 2250 479 2313 esse
501 2189 722 2331 intelligantur.
1074 2293 1094 2327 „
1117 2244 1239 2320 omisso,
1262 2245 1293 2308 δι
1313 2245 1408 2311 sorma
1428 2246 1458 2306 in
1481 2246 1539 2309 illis
1560 2249 1668 2313 tradita
1688 2246 1866 2326 observata,

280 2360 303 2407 „
321 2333 411 2408 §.trs
435 2331 525 2393 Porro
547 2352 582 2398 ne
603 2328 664 2392 ullo
687 2347 812 2409 unquam
832 2325 1033 2410 temporehac
1074 2374 1094 2409 „
1118 2325 1217 2390 inserti
1239 2324 1332 2390 forent
1356 2370 1366 2402 ,
1388 2323 1570 2409 presentibus
1588 2348 1642 2411 pro
1662 2328 1794 2412 expressa
1815 2330 1864 2392 lra-

241 2430 269 2489 „¹
285 2413 320 2473 in
349 2408 562 2484 oblivionem,
597 2407 643 2473 sen
664 2407 873 2472 desuetudinem
908 2407 1031 2482 abeant,
1074 2455 1098 2488 „
1115 2407 1215 2471 bentes
1236 2450 1245 2481 ,
1266 2407 1369 2488 quibus
1390 2406 1485 2486 quoad
1507 2430 1558 2483 ea,
1587 2429 1649 2548 pua
1683 2409 1869 2491 presentibus

240 2536 262 2569 „
285 2490 447 2572 Superiores
458 2489 576 2553 [locales
595 2488 729 2569 cuiusque
739 2489 929 2563 Monallerii,
951 2488 1030 2552 Con-
1072 2534 1094 2569 „
1116 2486 1330 2562 adversantur,
1361 2486 1421 2549 illis
1440 2486 1511 2551 alias
1532 2486 1561 2547 in
1606 2509 1642 2551 uo
1665 2490 1766 2554 robore
1802 2510 1865 2572 per·

239 2588 408 2650 „·ventus,
430 2591 465 2635 ac
486 2570 598 2633 Domus
618 2569 769 2651 Regularis
790 2588 911 2642 curare,
944 2586 1032 2646 atque
1073 2615 1095 2648 „
1118 2567 1277 2640 mansuris,
1300 2568 1386 2630 Sacra
1406 2568 1521 2649 Congre
1542 2567 1603 2632 atio
1625 2568 1790 2632 Santtiraris
1811 2570 1866 2633 sua:

240 2695 264 2729 „
284 2648 393 2717 efficere
415 2666 589 2724 teneantur,
609 2649 658 2711 sub
680 2670 768 2731 poeua
789 2647 965 2712 privationis
978 2646 1032 2709 Ol·
1074 2696 1095 2728 „
1117 2648 1289 2713 ausloritate
1311 2648 1471 2732 specialiter
1490 2692 1499 2724 ,
1521 2589 1553 2712 st
1572 2649 1693 2731 expresse
1714 2653 1832 2730 derogat
1853 2693 1867 2725 ,

239 2775 261 2809 „
285 2731 364 2808 deii,
384 2728 524 2811 vocisque
544 2729 666 2803 asiivae,
688 2729 719 2791 dt
739 2727 853 2810 paliivar
875 2726 935 2810 ipso
957 2726 1032 2792 fano
1073 2776 1094 2809 „
1115 2728 1272 2808 ceterisque
1291 2728 1445 2793 contrariis
1466 2726 1711 2813 quibuscumque.

240 2856 263 2888 „
285 2810 547 2903 incurrerrda,'ut
569 2811 600 2872 in
623 2827 824 2904 perpetuum,
858 2808 1031 2903 lentoquo·
1112 2809 1321 2887 „§.19.Et
1352 2811 1387 2871 ne'
1408 2809 1613 2904 premissorum
1651 2808 1815 2903 ignorantia
1846 2829 1865 2871 a

148 2992 151 2999 -
240 2888 1868 3060 :zuiualttrist,f‘ttrlltut:1natumst?territurias

241 3095 263 3129 „
284 3052 428 3115 Odlavam
451 3050 592 3131 Corporis
610 3046 746 3123 Cltrtsli,
778 3045 926 3129 praesentes
945 3046 1032 3110 Ordi·
1073 3096 1096 3129 „
1118 3050 1147 3111 io
1170 3049 1273 3114 Valvis
1296 2992 1477 3112 saulitarum
1508 3049 1601 3110 Sansli
1625 3047 1744 3122 ioannis
1779 3051 1865 3116 Late·

240 3132 418 3211 „nationes
439 3131 468 3191 in
490 3128 607 3212 publica
625 3125 730 3192 Mensa
750 3127 951 3210 perlegantut.
1072 3176 1093 3210 „
1116 3130 1255 3206 tanensrs,
1277 3130 1309 3192 δι
1331 3129 1473 3224 Principis
1487 3129 1694 3211 Apostolorum
1716 3130 1751 3194 de
1764 3130 1864 3207 Urbe,
1896 3201 1902 3204 ,

232 3256 236 3263 ·
281 3257 305 3288 „
324 3215 353 3291 §·
380 3233 426 3290 17.
446 3209 611 3285 Omnibus,
633 3226 695 3273 tam
717 3207 918 3273 Ecclefiallicis
938 3205 1032 3272 l’etso·
1073 3257 1094 3290 „
1115 3232 1148 3273 ac
1170 3212 1199 3271 in
1221 3210 1298 3274 Acie
1327 3211 1434 3292 Campa
1467 3206 1588 3284 Flora,
1620 3227 1653 3274 ut
1683 3213 1773 3276 moris
1794 3214 1865 3286 ell',

239 3336 261 3371 n
283 3294 346 3369 tis,
365 3291 569 3372 cujuscumque
590 3290 644 3352 smt
665 3287 804 3363 Ordinis,
827 3288 1030 3366 conditionis,
1072 3340 1093 3375 ‚‚
1114 3289 1206 3354 affixa
1225 3311 1343 3365 omnes,
1366 3291 1676 3373 adortos-pertinent,
1699 3293 1867 3356 iraarslent

238 3416 259 3450 „
281 3374 312 3436 δι
331 3371 462 3453 gradus,
483 3368 715 3451 quam‘baieis,
737 3389 919 3451 quocumque
940 3369 1031 3433 ltono
1073 3418 1094 3455 ‚,
1115 3374 1146 3436 dt
1167 3367 1294 3434 afficiant
1312 3413 1324 3444 ,
1344 3390 1376 3431 ac
1399 3369 1421 3431 se
1441 3369 1592 3453 unicuique
1613 3370 1801 3453 personaliter
1823 3375 1867 3433 in·

238 3466 263 3529 '‚,
285 3472 341 3526 re,·
356 3454 387 3513 δι
407 3452 545 3530 poteslate
566 3449 717 3547 preditis,
740 3448 887 3533 praesentia
909 3450 1032 3514 Decreta
1071 3498 1092 3535 „
1114 3454 1226 3516 timatae
1247 3449 1383 3513 fuissent·
1867 3436 1872 3466 ¹

238 3575 260 3608 „
283 3530 468 3615 declarandi,
493 3530 541 3594 vel
565 3530 772 3613 rmnprenndi
792 3529 928 3595 facultate
949 3530 1028 3613 peni·
1109 3565 1132 3608 ·„
1154 3535 1184 3608 §.
1206 3550 1255 3598 ab.
1277 3527 1375 3610 thue
1396 3530 1549 3594 earundem
1570 3533 1750 3613 presentium
1783 3550 1861 3599 tran·

239 3654 264 3688 „
285 3628 332 3675 tus
354 3610 526 3675 interdisla.
1070 3659 1090 3692 „
1112 3608 1261 3692 sumptis,
1293 3610 1382 3673 etiam
1416 3611 1457 3672 im
1482 3610 1583 3687 tellis,
1620 3635 1709 3677 manu
1742 3612 1866 3688 alicujus

173 3748 176 3753 ⁴
283 3734 303 3767 „
325 3692 354 3768 §.
382 3693 426 3755 18.
449 3693 517 3755 Non
539 3690 717 3755 obstantibus
735 3736 747 3767 ,
766 3690 864 3771 quoad
883 3686 1030 3773 suprascri.
1071 3738 1092 3774 „
1114 3690 1236 3755 Notarii
1256 3690 1378 3773 publicis
1390 3689 1439 3754 sub
1452 3692 1571 3774 criptis,
1594 3693 1726 3777 &figilln
1736 3693 1864 3758 Persona

239 3813 261 3847 „
284 3790 336 3852 pta
355 3769 479 3846 omnia,
501 3773 531 3835 δι
553 3772 591 3834 sm
614 3771 659 3837 ula
681 3772 711 3835 in
733 3770 916 3853 presentibus
935 3770 1030 3834 decre·
1071 3817 1094 3857 „
1115 3773 1145 3834 in
1167 3770 1319 3852 Dignitate
1340 3771 1535 3837 Ecclesrallice
1554 3775 1713 3840 constitura
1742 3775 1864 3847 munitis

238 3892 262 3927 „
283 3850 322 3945 ‘i'
342 3868 499 3925 contenta,
517 3794 798 3929 consitutionibvs,
820 3849 1030 3916 &Ordinatio-
1072 3897 1093 3931 „
1115 3851 1214 3917 eadem
1245 3850 1357 3943 prorsus
1377 3851 1446 3917 sides
1475 3853 1669 3932 adhibeatur,
1704 3875 1768 3936 qoae
1790 3876 1860 3939 pra·

239 3972 262 4005 „
285 3931 368 3997 nibus
400 3931 580 4013 Apostolicis
605 3933 635 3996 in
666 3930 795 3997 savorem
824 3950 1030 4014 quarumcum-
1071 3977 1093 4011 „
1115 3932 1239 3996 sentibus
1258 3931 1462 4011 adhiberetur,
1484 3935 1505 3998 si
1525 3933 1618 4000 forent
1638 3934 1794 4015 exhibita,
1815 3932 1866 4005 vel

239 4052 261 4085 ”
281 4006 1030 4155 sasima‘ltl‘lltllltatsmltl
1071 4058 1097 4092 ’²
1115 4011 1247 4077 Μ·

238 4132 261 4246 :³
284 4169 413 4241 litiarum
447 4110 540 4237 sussilit
559 4170 653 4234 Sancti
674 4168 795 4243 Ioannis
814 4135 1028 4250 Hierostilymi·
1151 4173 1262 4238 Datum
1283 4170 1387 4239 Roma
1406 4172 1452 4240 die
1475 4199 1520 4239 ιι.
1543 4176 1625 4251 Junii
1650 4184 1741 4261 1625.»

237 4292 260 4327 ‚,
282 4252 365 4326 tani,
387 4252 674 4334 Congregationum,
689 4253 872 4329 ‚Societatem
896 4271 960 4328 ,ac
982 4272 1030 4314 cu·

237 4372 259 4407 ‚,
282 4331 398 4407 juslibet
419 4330 536 4395 alterius
559 4331 713 4407 lullituti,
735 4332 828 4396 etiam
846 4330 996 4395 necessario
1017 4373 1032 4406 ,
1233 4333 1356 4401 Cosmm
1377 4336 1463 4401 Catd.
1484 4338 1518 4404 de
1537 4337 1669 4403 Torret.

237 4453 258 4487 „
281 4412 311 4474 δι
341 4410 371 4473 ἱιι
393 4410 547 4478 individuo
574 4434 607 4475 ex
631 4408 782 4488 timendi,
802 4412 992 4476 Ecclesatum
1016 4454 1026 4490 ,

236 4532 258 4566 „
280 4491 558 4567 Monalleriorum,
596 4431 835 4573 adventuum,
878 4490 1026 4572 Collegio·
1188 4497 1303 4579 Prosper
1321 4502 1470 4580 Fagaanur
1489 4504 1520 4563 S.
1542 4506 1643 4585 Congr-
1663 4505 1738 4565 secr.

237 4611 259 4649 „
281 4590 373 4652 rum,
395 4572 601 4659 eapirutorun
621 4616 634 4653 ,
652 4570 851 4659 Hospitalium
863 4616 888 4657 ,.
908 4569 1029 4670 Cpnsra·
1568 4624 1575 4629 .

1676 4705 1697 4739 a>
1720 4664 1749 4742 s·
1772 4686 1827 4743 ²¹!
