4084 5242
461 97 682 184 MISSAE
722 95 1224 197 SACRIFICIUM,
1264 99 1403 180 Aac.
1444 100 1496 179 ΙΙ.
1539 190 1543 197 ,
1668 128 1718 209 59

150 212 242 290 ritis,
264 209 375 276 nullom
398 210 473 276 adesi
513 210 653 273 ericulum
676 204 818 270 effusionis
836 204 946 288 sangui-
987 207 1045 283 tis,
1068 206 1273 286 &celebratio
1294 206 1346 269 fiet
1367 208 1520 270 dumtaxat
1541 225 1695 299 tempore,
1718 231 1778 292 quo

148 297 221 369 nir,
241 310 292 357 aot
303 291 465 356 amotionis
518 292 595 355 oslirr
619 306 778 361 etvento;
799 285 948 366 &inipfis
989 309 1069 355 mate
1089 289 1125 350 esi
1147 286 1366 368 tranquillum,
1387 286 1418 349 dt
1438 287 1554 351 celum
1577 294 1724 367 serenum,
1747 294 1779 355 dt

151 375 265 440 nedoni
297 394 325 436 re
364 373 437 436 ritnr
467 371 547 435 locus
567 372 667 434 decens
699 368 876 452 prismeio
896 367 947 430 Sa·
987 390 1056 433 coni
1076 366 1228 433 assilientia
1248 367 1367 441 alicuius
1387 367 1575 444 Sacerdotis,
1605 374 1651 439 seu
1672 374 1777 436 Diaeta

148 453 290 530 cellisio,
332 453 368 518 ed
398 450 469 516 solet
498 451 588 517 etiarn
617 450 706 515 adesse
735 448 857 545 Capella
886 468 946 511 nia·
987 450 1043 527 ni,
1065 450 1140 512 itaut
1161 448 1249 513 adesse
1268 469 1325 513 non
1389 447 1433 512 siit
1456 448 1614 532 periculum
1636 454 1778 519 effufionie

148 534 258 633 gnifice
287 549 412 630 ornata,
435 532 475 627 ,δι
503 530 632 617 periculo
662 528 803 627 effusionis
821 528 947 624 sangui·
988 528 1134 624 sanguinis
1163 531 1192 624 in
1214 530 1289 594 dilia
1316 468 1508 626 ceieioratiooe
1524 575 1551 625 ,ο
1567 533 1702 598 Clemens
1721 535 1777 597 XI,

144 611 506 765 llsrtdllllllzi
521 613 947 784 ,lislllnlllilll
986 610 1776 773 lillis‘ll‘llllls'llilrlnrr‘t‘l?

147 795 205 845 atat
225 776 380 841 aslislentia
409 773 526 836 alterius
546 773 735 846 Sacerdotis,
768 770 813 832 vel
838 769 944 833 Diaco-
979 777 1070 854 pient.
1094 775 1202 851 Bapeni
1215 772 1321 845 Nobis,
1344 791 1406 847 qua
1427 771 1466 834 esl
1484 780 1531 834 26.
1552 777 1582 837 in
1598 779 1696 856 prima
1711 789 1777 855 par·

150 861 215 932 ni,
245 858 296 937 qui
318 856 380 937 poll
408 851 652 939 consectationem
674 850 798 913 firmiter
826 867 943 916 teneant
983 871 1011 912 rr
1031 855 1090 933 ejas
1106 854 1285 931 particularis
1303 851 1425 919 Brdlarii
1443 895 1452 913 .
1473 852 1630 921 Consimist
1653 853 1778 919 litterale
1824 850 1828 857 ’

149 941 308 1006 calicema
347 934 433 997 Unde
464 935 618 1015 quamvis⁴
660 929 770 993 radisla
803 928 943 994 concellio
985 932 1135 993 indultum
1158 929 1212 993 suit
1233 929 1394 994 concellum
1415 951 1493 994 anno
1512 939 1596 1012 1706.
1619 957 1672 1019 pro
1693 933 1797 997 navi·

150 1015 317 1084 Clementis
345 1014 437 1077 Vlll.
472 1014 504 1074 lle
535 1009 615 1074 Pauli
637 952 677 1073 il.
707 1010 839 1075 asseratur
868 1009 942 1074 sasiri
981 1012 1034 1073 bus
1057 1005 1118 1072 His
1133 1011 1283 1084 aularum,
1306 1012 1337 1074 dt
1358 1031 1436 1075 anno
1462 1019 1547 1088 1716.
1571 1035 1625 1097 pro
1645 1016 1775 1079 Trirem.

149 1100 246 1165 solum
277 1113 329 1177 pro
350 1091 552 1174 nauigantibus
580 1091 616 1154 ad
639 1091 751 1162 indias,
786 1092 875 1173 potesl
898 1108 939 1153 ta·
981 1088 1083 1154 claffis
1105 1028 1291 1166 iontimiae,
1314 1109 1346 1154 ut
1368 1089 1487 1156 reserarit
1506 1099 1538 1158 in
1559 1114 1625 1160 rem.
1652 1119 1676 1159 ι.
1700 1094 1774 1157 The·

147 1201 219 1246 men
248 1174 350 1239 habere
370 1172 466 1235 locum
498 1189 552 1267 pto
572 1174 709 1237 omnibus
739 1171 941 1253 navigantibus
975 1174 1055 1252 saar.
1077 1172 1200 1250 Resolar.
1220 1178 1310 1238 sm
1330 1178 1492 1257 coemat.
1513 1178 1618 1245 concil,
1639 1182 1670 1240 f„
1690 1180 1775 1240 einp.

147 1264 188 1328 2d
207 1272 391 1340 quaecumque
412 1244 479 1316 loca
500 1272 529 1313 in
550 1254 634 1318 diliis
655 1252 768 1333 magnis
790 1252 939 1325 navibus,
981 1256 1051 1315 raris
1071 1250 1233 1329 castellane
1260 1258 1291 1317 in
1313 1250 1373 1329 fine
1390 1274 1458 1350 pag·
1481 1259 1529 1321 ⁶2.
1562 1258 1696 1341 impresso
1717 1259 1774 1319 Ve-

147 1340 219 1425 quia
237 1356 304 1430 cipit
326 1333 394 1397 talis
414 1331 556 1411 facultas,
588 1334 634 1400 seu
656 1333 773 1397 licentia
802 1331 940 1415 suppona-
981 1334 1068 1397 netiis
1094 1338 1168 1413 apud
1198 1334 1283 1408 Joan.
1314 1334 1471 1413 Baptislam
1505 1336 1655 1405 Recurti.
1687 1338 1772 1400 Sitni.

145 1440 210 1565 1:3¹„
217 1412 840 1560 lttltltllltllllllttl‘llll¹‘
860 1411 939 1558 ‘llll
979 1412 1312 1559 lllllllltr‘l‘t‘
1330 1412 1576 1575 {sistitis
1589 1444 1660 1561 ‘3¹⁰
1677 1439 1772 1563 litt·

146 1582 182 1646 lo
211 1575 357 1643 effufionis
384 1576 558 1661 sanguinis,
599 1576 668 1639 dum
698 1574 753 1639 suit
783 1512 939 1648 conpceelsa,
980 1595 1040 1638 non
1062 1574 1174 1656 Lefiato
1195 1538 1365 1656 ap'ottdico
1395 1577 1432 1639 ad
1452 1562 1772 1660 Regnumsinarurn,

146 1659 206 1725 fuit
228 1658 328 1744 potius
347 1656 476 1741 quandam
497 1657 671 1732 declaratio,
700 1655 779 1739 quod
800 1653 885 1718 liceat
909 1656 939 1716 in
979 1656 1050 1720 telle
1077 1653 1316 1718 Eminentissinio
1346 1655 1493 1720 Cardinali
1526 1660 1610 1728 Petra
1639 1662 1694 1725 loc.
1723 1664 1774 1724 cir.

144 1740 234 1805 dlslis
255 1738 378 1803 navibus
398 1740 558 1813 celebrare,
589 1755 677 1819 atque
697 1736 768 1800 adeo
790 1756 848 1799 noir
868 1735 940 1799 adsit
979 1760 1055 1799 nani.
1080 1758 1130 1815 31.
1151 1735 1213 1809 Qui
1235 1752 1332 1801 tamen
1353 1736 1460 1801 ibidem
1485 1762 1560 1802 num.
1585 1764 1634 1822 39.
1666 1739 1775 1826 allegat

146 1819 311 1907 periculum
333 1816 474 1883 effusionis
494 1818 647 1900 Sanguinis
667 1839 678 1892 ς
706 1817 810 1898 Sicque
839 1816 859 1877 fi
880 1835 939 1878 non
980 1814 1099 1881 Cardita
1124 1816 1272 1883 Albitium
1294 1818 1523 1895 delnconllastiae
1544 1825 1575 1883 ιἰι
1595 1820 1668 1883 Fide
1686 1843 1711 1881 c.
1724 1844 1773 1904 34,

147 1902 221 1966 adsit
242 1900 429 1983 periculum,
451 1898 485 1962 stt
505 1898 621 1961 licitum
643 1898 780 1961 omnibus
799 1897 938 1979 navigan·
979 1921 1057 1962 mm.
1075 1918 1142 1978 131.
1164 1898 1350 1971 asserentem,
1373 1895 1450 1969 fuisle
1469 1898 1544 1965 olim
1567 1899 1667 1982 pallini
1688 1902 1773 1965 dene·

147 1982 229 2048 tibur
249 1981 285 2043 ad
304 1999 516 2076 quemcumque
535 1978 634 2043 locum
652 2023 663 2054 ,
684 1977 755 2062 quia
774 1976 844 2040 elias
863 1975 938 2040 ades·
979 1996 1081 2063 garum
1103 1977 1161 2043 tale
1182 1978 1397 2061 privilegium,
1429 1980 1460 2043 dt
1489 1981 1677 2061 adducentem
1710 1980 1773 2062 plu·

145 2063 189 2128 set
221 2059 339 2143 aqualia
355 2058 501 2124 necessitas
531 2058 670 2125 sufficiens
699 2079 753 2142 pro
782 2058 938 2135 omnibus,
980 2082 1025 2126 res
1053 2057 1131 2125 casus
1160 2059 1380 2142 denegationis,
1406 2060 1546 2141 quamvis
1577 2062 1677 2125 noslris
1696 2058 1774 2125 liisce

143 2161 219 2227 pota
247 2159 302 2224 pro
330 2140 471 2205 audiendo
501 2140 618 2215 Sacro,
658 2138 811 2239 prasertim
842 2140 942 2205 diebus
980 2142 1082 2208 diebus
1110 2141 1242 2206 videatur
1271 2161 1342 2205 curn
1372 2139 1477 2207 debitis
1509 2141 1629 2208 cautelis
1660 2140 1774 2207 facilius

145 2222 282 2297 seslivis,
327 2241 359 2284 ro
381 2221 567 2286 minislrando
586 2222 730 2297 Viatico,
763 2224 794 2285 ἀ
823 2239 876 2303 pto
898 2220 939 2283 lu·
981 2221 1121 2287 concedi.

141 2303 219 2368 latio
248 2240 393 2383 spirituali
414 2318 590 2389 nautarum,
620 2304 651 2366 dt
679 2302 849 2368 sessorum.
877 2301 938 2366 Ubi
1019 2302 1186 2386 Episcopi,
1216 2305 1248 2366 dt
1268 2302 1401 2379 Maiores
1422 2304 1536 2369 Praelati
1555 2349 1565 2381 ,
1587 2303 1698 2367 etiamst
1727 2302 1767 2367 es·
1791 2323 1829 2367 ιο

143 2386 224 2449 enim
245 2383 346 2448 eadent
366 2383 406 2449 est
426 2382 530 2460 tatio,
555 2383 652 2448 adem
675 2385 713 2448 eil
734 2382 803 2458 juria
823 2382 937 2466 dispofi·
979 2382 1040 2449 sent
1068 2383 1264 2462 cardinales,
1301 2404 1359 2448 non
1435 2384 1508 2449 liunt
1541 2389 1694 2451 concedere
1725 2383 1767 2446 sa·
1802 2416 1848 2441 κ.

142 2464 211 2539 ιὶοι
233 2469 300 2548 Leg.
322 2463 383 2527 ideo
398 2485 446 2543 ²7·
462 2462 501 2541 ffi
520 2465 555 2526 de
564 2461 697 2548 Legibus,
719 2465 773 2543 leg.
795 2465 934 2546 lllad32.
976 2463 1115 2530 cultatem
1146 2463 1307 2530 celebrandi
1341 2464 1370 2527 in
1413 2466 1474 2529 ocis
1503 2485 1561 2529 non
1582 2463 1705 2540 sacris,
1740 2463 1773 2527 δι

139 2545 179 2624 ff.
199 2545 240 2607 ια’
258 2551 324 2626 Lag.
347 2546 514 2627 Aquiliana,
537 2543 580 2633 (r¹
603 2550 688 2627 capit.
710 2549 785 2605 Ῑιιιιι
817 2562 934 2626 corpora·
976 2565 1036 2609 non
1066 2546 1252 2610 benedisiis.
1289 2544 1388 2608 lmnio
1418 2567 1469 2609 nec
1497 2545 1552 2607 isi
1585 2546 1696 2628 possunt
1723 2565 1768 2609 ce·
1794 2567 1826 2609 it

145 2630 187 2688 lia
208 2647 237 2687 2.
269 2626 304 2687 de
335 2627 510 2689 translatione
532 2625 656 2707 Episcop.
687 2623 816 2689 marinae
846 2627 936 2687 llante
976 2623 1085 2688 lebrare
1113 2644 1194 2688 eitra
1214 2627 1335 2688 domum
1365 2627 1488 2707 propria
1513 2566 1709 2691 imitationis
1739 2626 1771 2688 in

146 2704 306 2788 supradisla
335 2707 448 2789 prati,
486 2706 518 2769 &
548 2703 778 2780 consuetudine,
806 2722 870 2785 quar
898 2703 936 2767 esl
976 2703 1110 2768 domibus
1131 2705 1212 2768 iaicis
1232 2705 1291 2767 five
1310 2706 1455 2800 propria,
1486 2705 1543 2769 sine
1563 2705 1665 2768 aliene
1687 2704 1768 2784 Dire-

145 2788 262 2868 optima
291 2788 400 2867 Legum
433 2787 599 2865 interpres,
634 2802 718 2848 testu
746 2782 873 2866 expresso
904 2787 934 2846 ιἰι
975 2785 1072 2859 cefis,
1111 2805 1171 2849 non
1201 2784 1379 2849 obstantibus
1411 2783 1540 2866 antiquis
1571 2806 1671 2850 eorum
1729 2784 1767 2847 ti·

142 2869 266 2957 Legrsa'
285 2868 321 2929 dr
342 2866 537 2949 interpositione
559 2865 609 2946 38.
623 2866 663 2941 ffi
684 2862 932 2949 chegi'brir,cap.
975 2864 1115 2945 vilegilc,
1145 2885 1208 2947 qia
1226 2882 1371 2946 quantum
1401 2866 1438 2928 ad
1468 2864 1608 2929 bossunt
1638 2805 1771 2930 torrites

142 2951 220 3008 Cam
240 2944 355 3009 dileslar
373 2946 416 3009 8,
430 2947 465 3007 de
484 2945 668 3023 consuetudin.
698 2946 729 3007 dc
760 2943 933 3008 consuetudo
973 2944 1141 3027 abrogata,
1172 2967 1209 3008 ex
1238 2945 1378 3024 novilfimo
1408 2948 1521 3007 Decreta
1539 2946 1692 3008 Clementia
1712 2951 1770 3010 xi.

141 3023 407 3182 legitimaffsemxr
434 3026 473 3090 eit
492 3023 690 3100 obseruanda,
722 3027 789 3106 teg.
818 3023 853 3084 de
871 3029 932 3105 qui-
953 3024 1047 3086 .edirn
1071 3045 1116 3105 ις.
1138 3023 1281 3087 Describe.
1300 3045 1386 3107 ¹703·
1405 3027 1489 3100 justa
1509 3041 1609 3089 tamen
1630 3027 1765 3108 poslerio·

81 3130 88 3139 ·
143 3102 195 3166 bar
217 3126 266 3187 3²·
398 3105 495 3192 legib.
514 3110 589 3169 Cam
607 3122 688 3169 santo
712 3126 759 3169 ia.
780 3103 816 3166 de
829 3105 937 3184 consae·
977 3126 1037 3168 rem
1060 3104 1285 3170 declarationem
1306 3106 1424 3170 allatam
1447 3103 1496 3169 sub
1517 3108 1587 3171 verli
1608 3110 1769 3170 oratorium

145 3186 205 3247 tud.
226 3206 294 3249 cuin
316 3183 475 3251 similibus.
913 3226 923 3239 ·
975 3208 1080 3249 numer.
1102 3208 1151 3265 po.
1177 3188 1258 3252 Vide
1279 3187 1348 3251 ibi.
1380 3187 1423 3249 Vi
1451 3188 1532 3260 cujus
1560 3187 1675 3251 Decreti
1708 3208 1828 3257 nonae

107 3285 129 3345 9
186 3264 216 3327 Si
235 3266 331 3331 ausern
356 3284 414 3331 non
436 3265 571 3341 coollet,
601 3283 688 3349 ptoat
716 3267 801 3332 valde
821 3265 935 3331 dubitat
976 3267 1090 3348 possunt
1120 3267 1206 3330 hodie
1236 3266 1421 3349 Regulares,
1457 3267 1546 3330 etiam
1578 3268 1770 3348 quantumvis

148 3345 264 3410 Cardia.
285 3346 419 3411 Albitius
438 3348 473 3409 de
493 3346 673 3443 inconstancia
691 3350 722 3410 in
742 3350 816 3445 Fide
836 3371 861 3411 c.
886 3369 934 3429 34.
976 3346 1050 3410 olini
1069 3347 1282 3444 privilegiati,
1300 3346 1584 3443 celebrareubivis,
1614 3349 1646 3411 in
1671 3347 1770 3411 Altari
1811 3398 1813 3405 .

145 3422 757 3590 irritastlntlrlstrla
772 3446 936 3589 aur:
976 3428 1421 3584 trististristis
1429 3428 1686 3602 urrisun
1698 3507 1770 3572 ι

145 3607 180 3650 ac
200 3585 418 3665 consuetudine,
442 3588 640 3654 recurrendum
662 3589 701 3653 ell
722 3590 758 3652 nd
778 3589 932 3652 Summum
973 3587 1102 3671 specialis
1122 3587 1281 3664 conceslio,
1296 3607 1353 3657 ant
1375 3609 1486 3654 norom
1508 3589 1693 3682 privilegium
1717 3589 1768 3651 l‘a-

145 3665 319 3732 Pontilicern
348 3687 401 3752 pro
430 3669 591 3734 obtinendo
625 3668 661 3732 ad
690 3669 721 3732 id
740 3668 863 3751 speciale
885 3668 932 3731 ln·
973 3687 1037 3752 par,
1067 3667 1137 3749 quia
1160 3669 1291 3733 Pontifex
1322 3670 1425 3734 omnia
1445 3669 1549 3752 privile
1572 3671 1600 3739 ie
1620 3667 1692 3731 alias
1721 3668 1767 3732 eis

145 3746 279 3823 dnltum,
303 3760 386 3832 proni
407 3748 560 3815 novissime
579 3748 709 3831 obi'tnuit
730 3750 760 3812 in
782 3748 869 3813 simili
891 3770 932 3812 re·
973 3752 1100 3813 concello
1119 3751 1251 3815 totaliter
1272 3750 1392 3832 abrogat
1416 3751 1444 3813 iu
1465 3749 1520 3812 ltoc
1544 3692 1594 3814 suo
1607 3747 1764 3812 novisfimo'

144 3826 225 3892 cursu
245 3830 330 3893 Sacra
348 3830 479 3895 Hierosol
504 3829 616 3897 mitana
630 3829 767 3912 Religio,
789 3850 853 3911 qaia
873 3850 931 3892 nort
973 3829 1115 3903 Decreto,
1137 3831 1215 3911 quod
1236 3832 1271 3893 ad
1293 3829 1420 3894 litteram
1443 3829 1529 3894 habes
1549 3849 1599 3912 per
1615 3827 1767 3894 extensum
1811 3887 1814 3895 .

64 3970 70 3977 .
144 3906 273 3974 obsianis
291 3909 370 3992 qood
384 3911 469 3974 habui
490 3926 521 3976 et
533 3908 721 3996 privilegium
737 3909 850 3974 Altaria
869 3928 936 3992 por·
976 3907 1027 3974 suli
1056 3910 1151 3975 verb..
1168 3915 1354 3981 wardiam,
1387 3909 1464 3973 Vide
1492 3908 1563 3987 ibi,
1596 3910 1645 3974 ubi
1676 3910 1769 3973 multa

144 3987 265 4067 rasilis,
295 3989 487 4056 nihilominus
514 3990 602 4074 petiit
633 3989 753 4075 speciale
784 3990 935 4054 sodalium
976 3990 1012 4054 ad
1034 4012 1116 4056 tem.
1296 4004 1298 4021 ¹
1804 4032 1809 4045 ·

143 4067 304 4135 celebrandl
333 4071 364 4132 in
387 4070 444 4135 stila
471 4071 586 4153 magnis
605 4072 753 4149 navibus,
784 4070 932 4135 occasione
1013 4069 1169 4153 Regulares
1196 4093 1232 4136 an
1254 4069 1360 4157 possint
1390 4071 1419 4133 in
1453 4068 1579 4153 propriis
1601 4069 1762 4135 Convmti·
1789 4086 1823 4149 ¹3

142 4148 235 4233 longa
254 4149 453 4233 navigationis
473 4155 503 4216 in
523 4150 586 4215 alto
607 4152 680 4215 mari
699 4170 804 4216 contre
824 4150 929 4217 infide·
970 4150 1044 4227 bns,
1065 4153 1097 4216 δι
1116 4171 1197 4215 eitra
1216 4154 1386 4217 Conventus
1407 4152 1435 4214 in
1458 4150 1617 4233 Grangiis,
1653 4150 1684 4213 dt
1705 4150 1765 4214 Do

98 4258 101 4265 ·
143 4229 202 4306 les,
223 4229 378 4315 &prasio
399 4238 685 4316 votosacraeCnngre
703 4231 862 4295 encomii.
976 4231 1072 4296 mibns
1101 4232 1239 4315 ruralibus
1268 4230 1370 4297 habere
1390 4232 1531 4296 Oratoria
1581 4231 1704 4306 rivata,
1734 4229 1766 4291 ἃ

144 4257 757 4393 ilie13.Mariiii7od.cainclausiilis,
787 4330 821 4378 at
842 4312 933 4376 Breve
975 4312 1015 4375 ibi
1047 4313 1213 4378 cehlstare?
1243 4314 1274 4378 dt
1295 4335 1330 4377 an
1351 4313 1402 4376 alii
1432 4312 1473 4375 ibi
1504 4251 1709 4404 oscitantes,
1732 4310 1764 4369 ἅ

144 4389 380 4557 ratris
396 4392 841 4541 suffuraretur
854 4412 931 4536 iit:
970 4389 1761 4542 liutius‘trituraturis

146 4549 229 4632 sain,
258 4553 419 4622 dummodo
438 4572 528 4625 naves
549 4557 603 4621 sint
623 4555 781 4643 enunciata
809 4555 935 4638 qualite·
973 4553 1015 4617 ed
1034 4556 1084 4636 78.
1648 4625 1723 4691 Non
