4084 5242
299 156 363 221 22'
573 130 792 214 MISSAE
833 129 1269 232 SACRIFIUM,
1311 126 1451 213 Arci·-
1491 133 1522 212 Ι.

236 244 293 321 eli,
316 244 384 325 quia
401 237 518 304 oblatio
538 238 623 314 hujus
644 241 783 303 Sacrificii
807 262 862 305 non
885 242 1017 305 alimeri-
1060 238 1224 302 sectationis
1246 238 1345 319 panis,
1367 239 1417 302 sub
1437 242 1559 313 eiusdeni
1581 238 1725 339 speciebus
1741 239 1846 323 posuis·

236 328 330 396 toria,
352 324 383 382 dt
405 317 612 399 satissasioria,
633 339 667 385 ut
686 320 721 385 tit
742 342 760 383 a
780 321 922 395 Christo,
952 343 1018 386 cum
1062 320 1102 383 set
1122 328 1236 401 corpus
1257 318 1388 392 Chrisli3
1408 320 1535 386 efficiunt
1557 321 1848 386 etiamconsectatio·

237 402 364 466 Clitislus
387 423 462 466 nunc
484 423 541 465 nori
566 417 736 478 mereatur,
772 422 825 464 nec
846 400 1020 479 satisfaciat,
1064 402 1110 463 nis
1129 402 1217 464 verba
1238 398 1267 460 id
1286 398 1365 479 quod
1386 399 1566 481 significant3
1586 422 1617 466 at
1637 423 1696 466 non
1730 405 1850 468 uenisset

235 483 280 547 sed
300 498 442 565 quatenus
463 505 498 546 ex
521 482 700 547 institutione
721 480 830 547 Cbrisli
863 482 950 547 liabet
971 504 1020 546 an·
1063 499 1114 563 pet
1134 478 1395 543 concomitantiam
1430 478 1481 544 sub
1512 484 1617 549 Hostia
1646 482 1796 563 Sanguis,
1818 486 1851 547 δι

234 583 325 627 netas
352 561 554 629 satissasliones
584 563 740 645 preteritas
773 559 860 645 ipsius
890 563 1021 638 Chrisli;
1064 558 1179 624 Anima
1198 558 1327 635 Chtissi,
1349 583 1384 626 eo
1404 564 1474 643 quia
1502 584 1556 647 pso
1589 582 1658 628 tnnc
1693 564 1770 626 band
1791 567 1851 627 hec

235 646 408 726 Congruutn
430 660 526 707 autem
547 642 627 719 suit,
651 660 683 706 ut
704 642 763 705 liaec
784 641 911 705 annexio
942 643 1024 709 fieret
1062 640 1165 718 nnita,
1187 642 1218 703 δι
1237 659 1367 705 connexa
1387 661 1448 708 etat
1469 666 1536 708 cum
1559 644 1692 727 Corpore
1721 644 1849 720 Christi,

235 728 327 790 inodo
349 723 456 800 sinito,
479 742 511 786 ot
533 722 632 809 sapius
652 722 882 788 aSacerdotibus
891 723 1021 807 frequen·
1063 722 1135 785 bene
1155 742 1228 786 veto
1249 738 1299 815 pes
1329 724 1587 790 concomitantiam
1617 724 1772 789 advenisset
1804 723 1853 790 sub

235 824 372 878 tatetut,
404 804 435 867 di
463 803 644 881 iteraretur,
678 822 710 868 ut
730 803 844 869 videtur
865 805 1023 893 precepisse
1063 802 1168 866 Hoslia
1190 800 1356 881 Divinitas,
1378 806 1456 888 quod
1476 806 1554 869 enim
1564 806 1646 870 Vetb
1667 806 1849 871 mDivinum

237 885 296 950 ise
317 884 464 962 chrislus,
488 887 557 952 dum
579 887 681 950 dicit:
715 888 781 949 Hes
809 888 1028 970 quotiescumque
1069 882 1156 945 semel
1175 881 1341 976 assumpsit,
1365 907 1526 968 numquam
1560 888 1631 950 dim'
1658 905 1671 950 t
1697 932 1707 961 ,
1741 885 1853 968 fuitque

250 968 376 1042 metitis,
398 968 430 1030 in
450 973 508 1032 mei
528 973 803 1032 commemorationem
818 968 958 1046 societis,
996 966 1029 1052 ly
1069 963 1176 1027 idcirco
1197 962 1304 1025 Clitisli
1326 966 1439 1049 Corpus
1461 966 1570 1050 semper
1593 968 1754 1033 Divinitati
1787 967 1851 1032 uni·

236 1047 344 1113 etenim
375 1052 610 1193 &rectissimeque
639 1049 805 1114 extenditur
834 1048 870 1112 ad
907 1048 1027 1113 iteratas
1067 1062 1153 1116 tnm3
1174 1045 1203 1107 ἅ
1225 1043 1354 1108 fimiliter
1375 1050 1414 1110 esl
1435 1047 1485 1112 suo
1507 1050 1596 1112 modo
1626 1050 1777 1113 dicendum
1812 1069 1853 1110 te·

238 1132 344 1205 vices,
444 1129 560 1193 iteratas
589 1128 846 1203 Sacrificationes3
886 1129 946 1192 baec
975 1152 1025 1192 aii·
1067 1124 1161 1207 spesln
1183 1123 1404 1191 consecrationis
1425 1129 1489 1191 vini
1511 1129 1539 1189 in
1576 1133 1677 1201 eodum
1709 1128 1853 1213 hypothe-

239 1228 300 1275 tem
325 1208 441 1274 iteratio
462 1232 493 1272 ar
515 1213 557 1274 uit
574 1210 764 1286 limitatum,
786 1211 820 1273 bc·
836 1208 952 1273 finitum
976 1232 1023 1273 ua·
1068 1207 1131 1269 tico
1154 1203 1236 1280 calu,
1258 1224 1344 1286 atque
1365 1208 1458 1283 hinc,
1480 1227 1514 1271 ut
1544 1226 1652 1292 patet,
1684 1210 1789 1272 clarius
1820 1209 1853 1269 li·

240 1291 333 1355 sotem
355 1290 477 1367 ejusdem
537 1292 662 1363 militiis
683 1312 751 1354 nam
782 1291 802 1352 si
835 1290 900 1355 esset
921 1289 1024 1353 illimi-
1065 1304 1239 1367 quentquae
1261 1285 1365 1368 supra,
1389 1309 1519 1352 necnon
1542 1291 1727 1372 perpendenti
1749 1290 1781 1353 sit
1803 1289 1853 1352 ob-

240 1389 336 1447 tatus,
359 1373 389 1436 ue
410 1371 558 1450 infinitus,
581 1394 637 1436 non
660 1368 889 1469 eiiqetet‘illam
911 1370 1026 1436 reitera·
1069 1367 1171 1439 vium,
1192 1365 1318 1446 qualiter
1340 1390 1390 1449 per
1412 1369 1563 1449 mysticam
1586 1371 1617 1434 vi
1639 1373 1793 1434 verborum
1816 1368 1853 1433 se·

240 1455 374 1529 tionem,
396 1473 462 1517 cum
485 1476 574 1517 unum
597 1452 774 1517 Sacrificium
798 1469 885 1515 tantas
908 1453 1027 1516 virtutis
1066 1447 1248 1528 parationem
1270 1447 1432 1532 Corporis,
1456 1450 1486 1512 ne
1508 1449 1772 1546 sanguinistrisli
1786 1472 1855 1536 prae·

242 1534 327 1610 esset,
349 1552 465 1619 quantas
485 1537 570 1601 essent
592 1536 674 1631 plura
695 1531 868 1609 sacrificia,
891 1533 922 1595 ue
942 1531 1027 1595 unica
1067 1527 1176 1599 fatam,
1201 1527 1336 1590 innuatur
1358 1531 1387 1591 in
1409 1530 1499 1593 Mitis
1518 1551 1596 1596 tatio
1618 1530 1750 1595 sacrificii
1774 1578 1783 1594 .
1815 1533 1857 1597 Et

244 1615 360 1690 Misia,
397 1633 499 1699 utpote
521 1615 630 1679 infiniti
651 1614 788 1690 valoris,
820 1612 957 1678 sufficeret
990 1613 1027 1675 ad
1067 1608 1202 1695 equidem
1225 1609 1357 1689 pradisla
1378 1608 1537 1676 luculenter
1558 1613 1691 1677 consissit
1712 1638 1746 1676 err
1767 1617 1853 1675 Trici.

186 1701 223 1764 16
244 1695 467 1760 exhauriendum
490 1714 587 1760 totuin
617 1696 674 1757 Pus
695 1694 848 1760 atotinm.
880 1691 1030 1774 Simulque
1064 1688 1282 1770 seffi130cap·
1325 1690 1404 1752 ,ubi
1427 1691 1463 1754 sic
1485 1694 1597 1759 habet:
1622 1698 1659 1755 Et
1676 1696 1783 1777 semper
1803 1693 1858 1756 hec

243 1777 333 1861 pollet
352 1778 417 1859 quis
438 1797 487 1859 pes
508 1778 590 1840 unius
610 1775 659 1838 Mi
682 1799 705 1839 as
733 1775 954 1839 celebrationem
988 1773 1028 1837 sa·
1064 1770 1138 1847 sides
1157 1775 1187 1833 in
1208 1771 1326 1833 Ecclera
1347 1774 1404 1832 Dei
1418 1774 1498 1849 suit,
1516 1776 1615 1853 siurim
1633 1778 1691 1856 posi
1723 1776 1856 1854 consenc·

244 1857 376 1923 tisfacere
397 1878 450 1941 pso
473 1876 607 1932 centum,
628 1859 660 1920 or
679 1855 932 1938 millessipendiit,
952 1856 1031 1939 quod
1072 1856 1172 1913 tionem
1191 1873 1290 1911 verum
1312 1857 1431 1915 Domini
1451 1855 1532 1932 noslrr‘
1560 1875 1677 1939 eorpus,
1708 1880 1858 1939 verumque

166 1951 169 1955 ’
246 1940 284 2003 est
305 1939 473 2002 damnatum
497 1940 533 2002 ab
562 1939 682 2000 Urbano
712 1938 806 2000 Vlll.
835 1935 881 1997 die
913 1941 1029 2018 ausu·
1071 1937 1130 2015 eq'us
1143 1935 1180 2013 se
1216 1936 1307 1995 ciuem
1322 1932 1378 2013 sub
1393 1939 1502 2014 panis,
1534 1937 1572 2000 (t
1605 1941 1670 1998 vini
1692 1941 1784 2020 speeie
1803 1961 1859 2000 uua

245 2024 290 2090 nii
313 2023 399 2099 r625.
422 2019 453 2080 ἃ
474 2021 509 2082 ab
541 2019 707 2083 Alexandro
738 2019 812 2079 Vll.
842 2018 872 2079 in
909 2017 1032 2082 Decreto
1071 2036 1133 2081 cum
1154 1957 1237 2096 ipsiu
1256 2018 1353 2075 anima
1375 2024 1415 2077 <r
1435 2016 1589 2078 dr'vr'm'tate
1608 2017 1735 2094 exessum
1744 2019 1859 2097 sident-

246 2099 354 2163 Sansiae
386 2098 582 2182 lnquisstlouis
610 2098 656 2160 dt'e
691 2120 741 2177 24.
771 2097 905 2181 Septemb.
946 2102 1032 2178 1655.
1071 2110 1124 2178 pus
1143 2094 1254 2177 quidem
1271 2094 1326 2172 stab
1342 2098 1433 2178 specie
1448 2102 1548 2178 panis,
1573 2098 1611 2160 (J
1627 2102 1790 2182 stinguinem
1806 2096 1862 2178 fieb

246 2183 278 2245 δι
299 2181 336 2242 ab
357 2180 533 2245 Innocentio
553 2180 625 2241 llll.
650 2201 698 2260 23.
718 2178 878 2244 Decembris
901 2185 1033 2263 1697.ut
1072 2178 1138 2238 uini
1152 2176 1243 2258 specie
1264 2198 1298 2236 ex
1317 2181 1352 2236 vi
1371 2174 1531 2240 vmbriam:
1552 2181 1642 2260 ipsum
1661 2200 1752 2240 autem
1766 2196 1861 2261 eorpus

248 2261 324 2324 infra
344 2264 373 2322 in
396 2259 567 2324 adducendis
587 2280 686 2324 eorum
708 2260 828 2327 decretis
849 2263 939 2347 potest
952 2279 1031 2343 aper·
1068 2255 1126 2337 sub
1142 2259 1237 2338 specie
1257 2259 1343 2331 visti,
1368 2256 1406 2319 (θ’
1420 2259 1584 2337 sanguinem
1598 2257 1859 2342 subspetiepani's,

247 2359 279 2407 te
299 2340 411 2413 videri,
1018 2374 1024 2383 ·
1075 2340 1249 2419 animumque
1264 2332 1320 2416 sub
1338 2354 1451 2418 utruque
1469 2345 1505 2401 vi
1525 2340 1659 2403 naturalis
1677 2341 1754 2403 illius
1765 2363 1861 2403 conne-

193 2447 231 2510 17
293 2422 343 2483 nd
364 2421 448 2495 buius
468 2420 582 2485 articuli
603 2422 850 2502 complementum
873 2423 903 2484 iri
935 2422 1032 2503 Teqto·
1075 2422 1181 2493 sionis,
1201 2442 1256 2499 qua
1270 2435 1363 2499 partes
1381 2416 1484 2497 chrisi
1504 2423 1648 2497 Domini,
1677 2424 1727 2503 qui
1745 2424 1807 2504 sum
1827 2442 1862 2483 err

251 2522 320 2566 num
343 2501 467 2582 gratiam
489 2502 775 2567 animaduertendum
797 2505 856 2579 est,
879 2502 912 2566 vi
934 2503 1034 2566 verbo·
1076 2505 1189 2562 mortuis
1210 2501 1374 2580 ressurrexit,
1396 2525 1447 2562 non
1466 2501 1587 2583 amplius
1606 2506 1768 2579 muitetur,
1789 2504 1863 2564 inter

251 2602 315 2646 runi
336 2579 557 2647 consectationis
598 2583 688 2658 anis,
710 2583 760 2647 sub
791 2582 935 2670 speciebus
964 2581 1033 2656 ejus·
1071 2581 1303 2663 serupulausm3
1325 2579 1506 2644 diuinitatem
1523 2603 1602 2665 porro
1618 2587 1862 2667 propemedum·

250 2664 318 2729 dens
339 2661 408 2744 poni
420 2660 524 2726 solum
547 2601 654 2729 eluisti
676 2683 778 2742 corpus
838 2666 869 2730 ar
890 2664 918 2725 in
939 2662 1024 2727 conse
1078 2661 1164 2725 bilem
1184 2663 1265 2723 iliam
1285 2664 1345 2744 ejus
1363 2682 1425 2724 cum
1445 2680 1572 2746 empore,
1595 2664 1634 2730 (r
1654 2674 1751 2729 areima
1778 2662 1863 2746 hypo·

251 2742 381 2807 ctaiione
401 2743 465 2808 vini
487 2741 536 2806 sub
557 2743 699 2826 speciebus
722 2710 808 2822 sinii
828 2746 859 2810 iti
881 2745 1035 2809 verborum
1071 2744 1205 2821 slatr'cem
1224 2745 1369 2806 unionem.
1779 2757 1782 2762 ·

252 2824 323 2908 poni
344 2823 487 2890 duntaxat
508 2823 672 2908 sangninem
693 2827 830 2889 Clitisli:
861 2846 928 2887 nam
951 2825 980 2886 id
1003 2825 1034 2889 vi
1118 2823 1168 2887 Est
1188 2826 1279 2887 etiam
1302 2843 1358 2905 pras
1379 2824 1471 2913 opulis
1491 2823 1676 2901 habendum,
1698 2826 1803 2890 tritum
1823 2822 1861 2889 es·
1886 2820 1924 2881 18

252 2905 407 2968 verbosum
438 2905 556 2989 ponitur
592 2904 642 2968 snb
680 2906 823 2990 speciebus
862 2903 1035 2988 suspensae,
1077 2902 1105 2967 se
1125 2903 1289 2968 Catholicis
1308 2926 1341 2968 es
1364 2903 1419 2966 cit.
1441 2904 1576 2970 Tridenr.
1592 2907 1655 2985 suff.
1682 2914 1813 2980 incas.
1839 2928 1867 2968 a.

253 2985 331 3126 quod
353 2986 438 3048 verba
458 2983 679 3057 consecrationis
708 2986 842 3063 discsse,
872 2985 902 3050 δι
933 2985 1037 3049 imme·
1078 2986 1156 3064 quod
1174 2984 1203 3059 fi
1221 2989 1283 3067 quis
1302 2988 1425 3062 dixeris,
1446 2991 1476 3048 in
1527 2986 1662 3066 crosausio
1692 2984 1868 3064 Eucharisiiae

275 3064 332 3128 iate
352 3087 394 3129 eit.
408 3065 586 3131 institutione
607 3066 714 3131 Clitisli
736 3066 847 3151 fignant
867 3109 877 3129 .
899 3064 952 3129 Sed
973 3087 1035 3130 vet·
1076 3070 1253 3128 sacramento
1272 3089 1406 3130 remanere
1421 3067 1480 3147 sui
1500 3072 1605 3131 entiam
1621 3071 1725 3152 punis,
1744 3069 1783 3133 Θ
1803 3068 1870 3129 vini
1968 3070 1975 3077 “

255 3146 292 3210 ba
312 3143 534 3211 consectationis
555 3146 636 3226 panis
659 3145 753 3231 solunt
772 3145 881 3211 Chrisli
910 3165 1035 3230 corpus,
1078 3171 1132 3209 unu
1152 3169 1212 3208 cum
1233 3152 1355 3231 corpore,
1378 3147 1417 3212 (t
1433 3151 1566 3233 sssnguine
1587 3154 1703 3212 Domini
1721 3149 1801 3226 nessei
1814 3152 1864 3225 se·

254 3227 392 3298 &verba
411 3226 633 3293 consecrationis
654 3228 716 3292 vini
748 3228 889 3292 duntaxat
918 3229 1036 3310 Sangui·
1076 3225 1232 3309 sreChrsli
1244 3255 1256 3303 ;
1277 3233 1472 3311 negaueritque
1490 3230 1650 3292 mirabilem
1671 3233 1754 3292 islam
1766 3226 1867 3303 &siu-

255 3328 322 3372 nem
344 3300 466 3382 disesie,
487 3311 518 3371 δι
540 3308 708 3380 immediate
729 3309 874 3390 loquendo
908 3309 1037 3389 fignnnt,
1077 3309 1201 3393 gularem
1222 3310 1416 3386 convesfionem
1437 3315 1521 3372 totius
1536 3312 1697 3391 substantie
1722 3312 1805 3392 penis
1837 3309 1867 3367 ris

253 3408 324 3469 ergo
344 3389 401 3451 &m
424 3388 469 3451 At
490 3387 540 3451 sub
561 3388 705 3472 speciebus
725 3390 807 3486 panis
837 3390 898 3471 poll
931 3390 1041 3453 Christi
1081 3410 1194 3474 corpus,
1218 3391 1260 3454 &¹
1278 3396 1361 3455 totius
1375 3391 1535 3469 substantie
1557 3396 1622 3454 vini
1642 3397 1672 3454 r'u
1686 3393 1740 3472 seen
1758 3395 1886 3475 “seems-

255 3467 380 3532 Domini
400 3466 645 3534 Resurreciionem
668 3489 749 3534 venit
772 3471 861 3533 etiam
914 3490 943 3532 et
973 3490 1041 3533 con-
1084 3470 1258 3535 manentibus
1276 3472 1415 3535 duntaxat
1467 3471 1572 3534 aciebus
1586 3478 1695 3556 panis,
1728 3415 1870 3539 (iusim,

255 3546 458 3612 comitantiam
480 3549 601 3631 Sanguis
630 3550 738 3613 Christi
769 3551 798 3612 in
831 3490 1043 3614 consecratione
1083 3576 1167 3634 quam
1196 3552 1308 3632 quidem
1339 3574 1533 3615 couverrouem
1563 3552 1710 3616 catholiea
1752 3547 1899 3638 Ecclesia¹

258 3629 357 3710 panii,
380 3628 410 3691 δι
432 3627 481 3692 sub
502 3627 645 3711 speciebus
666 3632 730 3694 viiii
752 3631 833 3696 venit
854 3631 945 3696 etiam
966 3632 1039 3694 Cor·
1080 3659 1098 3695 a
1118 3634 1215 3713 tissme
1235 3631 1549 3711 nansrrbslautiatr‘onem
1562 3636 1701 3717 appellat,
1723 3630 1870 3694 anathema

257 3707 436 3794 pustsisli
459 3709 488 3771 in
510 3708 834 3787 consecrationevini,
856 3731 986 3776 necnon
1009 3711 1039 3773 in
1075 3654 1139 3793 [ἐς
1163 3715 1208 3775 Ac
1229 3709 1348 3794 proimle
1369 3715 1437 3776 duin
1455 3714 1868 3797 Apossol.i.AdCor.c.ir.
1923 3792 1927 3795 Δ

259 3803 293 3857 tit
347 3809 380 3853 ne
401 3787 614 3854 consecratione
636 3811 684 3874 per
705 3792 970 3857 concomitantiam
994 3815 1042 3856 ve·
1084 3791 1339 3876 verseminquir:
1360 3800 1579 3875 quotiescumque
1598 3791 1804 3857 manducabitis
1819 3808 1870 3872 pa·

257 3867 304 3932 nit
353 3866 620 3947 htilli'Dininitas,
642 3874 673 3935 di
695 3872 837 3936 Anima:
869 3895 919 3955 pet
939 3892 1043 3937 conco·
1084 3898 1146 3939 nem
1166 3873 1238 3936 bunc
1259 3875 1323 3937 (re.
1356 3877 1385 3937 id
1416 3875 1543 3957 intelligi
1573 3878 1672 3940 debete
1702 3872 1869 3945 transitive,

257 3949 426 4037 mirantium
449 3951 526 4015 enini
549 3954 675 4026 venite,
706 3954 744 4017 esi
764 3953 826 4016 sieri
847 3953 964 4036 psaesens
995 3953 1045 4016 sub
1086 3955 1131 4020 seii
1153 3954 1332 4033 disisaslive,
1355 3955 1463 4020 scilicet
1486 3958 1515 4018 id
1535 3958 1613 4036 quod
1633 3972 1718 4018 autea
1739 3972 1799 4016 etat
1821 3973 1870 4036 pa·

259 4028 403 4112 speciebus
423 4032 454 4095 vi
477 4033 643 4107 naturalis,
673 4034 704 4096 u
733 4035 854 4117 physica
887 4036 1043 4098 connerin-
1086 4037 1149 4109 nis,
1172 4035 1217 4101 vel
1240 4036 1346 4099 dicitur
1367 4038 1449 4117 partis
1470 4036 1646 4112 extrinsece,
1670 4057 1705 4101 eo
1725 4035 1796 4115 qnia
1828 4054 1868 4094 re·

203 4152 205 4161 ,
259 4104 430 4189 nimquam
454 4113 635 4177 adinvicem
659 4113 764 4177 liabent
795 4137 854 4187 ea,
884 4136 947 4196 quae
979 4114 1045 4176 sunt
1086 4135 1205 4180 manent
1226 4118 1385 4182 accidentia
1406 4120 1505 4200 panis,
1527 4118 1572 4182 vel
1594 4117 1744 4199 analogice
1772 4114 1873 4194 ,qnia

227 4194 232 4201 '
260 4189 369 4254 Clitisli
392 4192 601 4278 &omini5sed
622 4196 735 4277 Corpus
763 4194 869 4256 Chrisli
901 4216 975 4257 nunc
1007 4195 1045 4256 eil
1086 4217 1189 4280 nempe
1209 4198 1280 4261 sicut
1296 4201 1382 4280 panis
1405 4200 1495 4262 nutrit
1516 4218 1638 4280 corpus,
1662 4198 1697 4260 sic
1732 4196 1872 4259 Euchari-

262 4290 328 4334 cum
351 4271 524 4354 Sanguine,
555 4273 695 4348 Anima,
727 4274 757 4336 δι
789 4274 968 4350 Divinitete,
991 4296 1042 4345 nec
1084 4279 1135 4339 itia
1166 4280 1258 4341 nutrit
1287 4282 1446 4356 animam,
1477 4280 1506 4340 sis
1528 4280 1570 4341 ita
1592 4282 1627 4344 de
1658 4279 1797 4342 similibus
1827 4297 1870 4340 ra·

261 4369 319 4413 non
341 4352 395 4414 Sin
418 4353 461 4416 uis
480 4375 547 4417 curn
569 4355 625 4418 nic.
647 4375 715 4437 ergo
736 4355 793 4416 &u
806 4356 853 4417 Ad
863 4356 1041 4438 propofitum
1083 4356 1242 4422 tiocinase.
1302 4373 1304 4377 “

262 4430 375 4514 optime
395 4374 466 4497 sicit
485 4454 539 4518 pto
559 4435 682 4518 pleniori
705 4453 871 4518 perceptu,
903 4456 936 4499 ac
967 4434 1045 4500 sensu
1128 4440 1203 4502 ltem
1224 4439 1327 4502 tritum
1349 4439 1387 4500 esi
1408 4439 1606 4516 Catholicis,
1638 4438 1870 4504 transubstantia·
1894 4454 1928 4514 19

263 4509 380 4593 sequens
399 4515 584 4600 exemplum:
605 4516 625 4577 si
646 4516 750 4596 aliquis
766 4515 922 4595 Apostolus
942 4517 969 4577 in
989 4517 1043 4578 tri·
1085 4519 1167 4583 tione
1190 4520 1315 4600 peracia,
1339 4522 1454 4604 Corpus
1472 4521 1579 4583 Christi
1603 4519 1652 4584 sub
1666 4521 1809 4603 speciebus
1822 4540 1872 4602 pa·

262 4591 319 4669 duo
341 4594 454 4664 Mortis
473 4594 672 4677 consecrasset,
695 4597 1045 4664 tuncviverbotumcon·
1089 4601 1204 4684 niis&
1227 4600 1391 4683 sanguinem
1415 4600 1464 4665 sub
1484 4600 1629 4684 speciebus
1665 4605 1727 4667 vini
1759 4603 1874 4665 tamdiu

875 4704 886 4725 ·
1434 4719 1438 4723 ν
1720 4705 1837 4749 manete
