4084 5242
351 144 464 221 ·114
636 113 857 199 Missa
887 94 1527 223 SACRIFICIUM,'ART·
1558 118 1678 201 iiiii.

191 222 199 239 '
313 244 411 293 tamen
434 225 498 289 ussit
519 222 561 287 ita
581 220 768 289 declaraverit
789 228 946 290 Rubricam
972 270 981 301 ,
1003 245 1035 290 ut
1057 228 1097 287 di·
1138 227 1321 311 duplicibus;
1340 227 1481 291 Cunihac
1490 228 1690 302 advertentia,
1712 225 1803 309 quod
1820 225 1849 290 fi
1864 226 1988 299 mm

314 310 357 370 cit
378 305 453 390 ipse,
475 306 573 369 eadem
594 304 768 369 consuetudo
797 307 835 369 est
866 304 1000 371 servanda
1029 307 1099 369 ficut
1138 329 1175 389 ap
1196 307 1298 371 licetur
1318 306 1487 388 generaliter
1496 308 1714 391 prndesnnsiis,
1734 306 1925 372 dicuntur
1937 333 1988 376 te-

313 387 404 450 etiam
426 386 561 451 sennua
582 387 619 449 est
639 387 697 449 alia
717 385 1098 462 rationabilisconsuetudo,
1161 390 1279 453 uaiitet
1298 388 1455 451 Orationes
1475 388 1504 449 in
1521 387 1635 454 Midili
1656 407 1710 471 pro
1720 387 1840 451 Mitris
1848 396 1986 471 quoti-

294 456 378 549 *quai
399 468 467 531 teile
489 468 589 529 eodem
611 467 661 527 soc.
683 467 731 529 cir.
752 489 826 529 nuni.
856 469 886 529 8.
920 467 958 529 eil
987 466 1016 528 iti
1039 466 1097 549 ple·
1137 410 1232 555 dianis
1251 466 1413 551 assignata.
1436 470 1482 530 At
1501 467 1620 531 fiM‘tssa
1638 468 1808 533 celebretur
1822 491 1903 550 pro
1917 473 1981 535 ali-

316 548 411 628 rilque
433 546 567 609 Ecclesia
586 548 852 619 maioribus·Utbii
871 591 881 620 ,
899 564 944 608 ut
977 550 1100 630 piosa·
1139 570 1219 630 qna,
1242 548 1289 613 vel
1310 568 1365 631 pto
1385 547 1528 628 aliquibus
1548 548 1748 613 determinatis
1780 549 1979 633 personis,

307 631 432 693 'cerdote
454 626 584 689 desunsio
603 627 717 689 dicatur
737 628 826 690 Mina
857 626 976 690 secunda
1006 644 1097 689 muta·
1164 630 1240 692 timo
1261 626 1327 692 loco
1347 627 1454 692 dicitur
1471 628 1579 691 Oratio
1599 648 1655 713 pto
1675 628 1733 705 iio,
1756 650 1824 712 pro
1843 634 1983 712 quibus

315 726 348 771 ta
368 705 518 779 oralione3
540 705 724 791 Consuegpdo
746 710 824 769 enim
846 709 885 769 est
904 709 1019 790 optima
1047 709 1099 772 Le·
1184 710 1232 771 illa
1250 709 1427 785 celebratur,
1448 708 1596 785 secunda,
1629 709 1661 771 di
1681 712 1773 773 tertia
1809 731 1900 789 qut
1929 714 1976 777 se·

314 809 384 870 gum
407 787 563 870 interpres,
585 803 668 849 teitu
689 787 814 869 expresso
836 790 865 848 in
887 792 922 849 L.
952 792 985 851 Si
1003 789 1039 851 de
1058 793 1100 855 i'ii·
1139 789 1252 865 cundo,
1273 790 1305 851 δι
1325 790 1421 851 tertio
1436 787 1501 854 loco
1563 805 1670 852 nuntiir
1692 791 1722 850 iti
1744 790 1974 875 nostraquo

312 871 498 951 ierpieiaiione
520 887 568 945 37.
582 867 622 944 ff.
640 866 674 926 de
696 866 794 948 Legib.
815 868 855 930 O
874 871 906 929 in
933 886 993 950 cap.
1024 875 1099 935 Curii
1138 870 1252 934 tidiana
1274 868 1479 931 Desunsiotum
1496 891 1505 942 ;
1521 810 1642 933 diuinet
1656 885 1733 950 part.
1766 892 1801 948 4.
1844 876 1907 934 iii.
1934 898 1967 954 3.

313 949 437 1012 Dilesiui
456 948 486 1007 8.
507 947 542 1006 de
562 947 766 1027 consuetudine.
1137 953 1167 1026 §.
1192 972 1239 1010 ai.
1259 972 1363 1012 numen
1385 970 1415 1023 4.
1435 950 1547 1029 Merati
1563 966 1641 1030 patr.
1663 970 1688 1011 i.
1705 956 1755 1013 tit.
1781 973 1814 1030 ς.
1839 976 1880 1014 n.
1910 974 1963 1016 iz.

226 1026 294 1113 [73
355 1027 529 1091 Notandum
551 1027 610 1104 est,
633 1028 710 1111 quod
732 1029 762 1089 in
783 1023 882 1090 Missis
902 1025 1098 1097 defiinslorom
1140 1030 1275 1093 Sacerdos
1294 1048 1392 1093 autem
1415 1030 1586 1131 celesyriae,
1616 1031 1709 1123 potesl
1736 1029 1988 1101 secundulus

232 1182 241 1188 μ
313 1109 416 1184 Prusa,
438 1104 485 1172 seit
505 1105 651 1189 sequentia
671 1112 739 1170 Dies
758 1113 806 1171 ite
824 1108 883 1170 diei
911 1108 963 1169 illa
994 1111 1102 1181 dicitur
1139 1130 1177 1171 co
1197 1109 1284 1172 aliam
1305 1110 1447 1174 Oratione
1508 1111 1542 1170 ad
1573 1109 1690 1183 bbitum
1719 1111 1826 1177 dicere
1865 1136 1904 1177 v.
1924 1139 1955 1196 g,

315 1190 346 1251 in
367 1192 414 1251 die
434 1189 723 1253 commemorationis
743 1188 878 1251 omnium
901 1187 1098 1257 desuncinrom
1163 1209 1193 1250 to
1216 1188 1270 1253 suis
1329 1130 1540 1285 rentibuvael
1584 1184 1614 1252 rb
1635 1189 1686 1255 sito
1708 1191 1816 1269 Patre,
1845 1195 1887 1255 ἃ
1906 1195 1959 1257 sua

313 1272 344 1332 di
365 1270 550 1350 depositionis
571 1269 723 1359 Desundli,
744 1271 774 1331 di
795 1269 1036 1353 quandocumque
1056 1269 1098 1331 di·
1180 1286 1259 1345 atte,
1331 1268 1524 1345 hujusmodi.
1546 1208 1744 1353 dunipast.
1772 1297 1802 1337 i.
1827 1280 1892 1337 τί..
1923 1296 1955 1336 1·

303 1351 391 1413 citui
410 1370 466 1412 una
486 1366 601 1412 tantum
622 1352 729 1415 Oratio
737 1377 751 1425 ,·
774 1351 808 1412 lii
831 1350 895 1412 aliis
914 1368 1011 1423 autent
1021 1347 1097 1412 Mis·
1137 1348 1206 1412 dub.
1231 1369 1258 1411 i.
1287 1352 1362 1429 vers.
1377 1353 1450 1429 Res
1474 1350 1543 1415 ndeo
1570 1372 1646 1413 nuni.
1677 1372 1703 1429 7.
1730 1352 1865 1419 Merati
1891 1357 1955 1416 loc.

312 1432 347 1493 fis
368 1449 420 1513 pto
441 1428 578 1498 desitnsiis
597 1430 705 1495 dicitnr
724 1432 759 1497 ad
781 1429 932 1493 arbitrium
963 1430 1096 1497 sicetdo
1136 1433 1187 1492 eit.
1210 1452 1287 1491 num.
1312 1452 1360 1510 23.
1380 1431 1412 1492 di
1451 1431 1517 1492 .R.
1542 1430 1606 1493 Con
1630 1431 1733 1513 regatis
1759 1436 1792 1496 in
1828 1435 1954 1498 decre·

313 1513 375 1574 tis.
397 1511 443 1572 Sic
465 1510 588 1592 expresse
610 1512 735 1573 Robrica
756 1508 882 1572 Missalis
897 1530 973 1592 pari.
998 1530 1026 1573 i.
1047 1511 1096 1571 sir.
1136 1525 1170 1575 to
1191 1530 1262 1573 mox
1284 1510 1465 1574 adducendo.
1487 1510 1568 1573 Etsi
1588 1453 1683 1593 piures
1704 1512 1949 1579 dicuntntOra-
1970 1518 1988 1577 lt

253 1614 294 1676 ⁷⁹
312 1591 399 1735 td
412 1591 731 1733 ditissimi
744 1587 1095 1735 ”titiuss‘ds
1136 1589 1448 1734 illiti-iistis
1466 1590 1948 1737 stidlii‘ls33s3ffi0‘23’33

311 1695 411 1814 aditus
431 1693 626 1830 quibuslibei,
641 1691 710 1830 itud
730 1712 786 1832 pto
805 1748 944 1813 desnnkiis
963 1713 1096 1814 sblemni-
1137 1748 1260 1833 express
1279 1691 1354 1813 did.
1375 1693 1495 1812 Riiuidn
1515 1689 1677 1832 congregat.
1699 1773 1727 1813 α.
1756 1697 1941 1834 ςφεςιῆεόνιὶ

309 1849 356 1895 tet
376 1829 571 1904 celebrantur,
593 1850 658 1893 coni
680 1828 756 1892 hisce
776 1830 807 1892 in
829 1828 926 1893 Mitis
947 1851 1004 1893 una
1034 1845 1096 1893 tan·
1142 1840 1229 1909 ¹74¹·
1251 1831 1298 1893 liis
1318 1831 1441 1897 verbis:
1473 1835 1507 1894 sn
1526 1833 1619 1909 Miffii
1638 1832 1844 1911 quotidianis,
1876 1859 1932 1914 qaia

310 1929 376 1971 tum
398 1909 456 1970 dici
477 1908 577 1973 dcbm
597 1909 703 1974 Oratio
724 1932 758 1973 eit
779 1909 942 1993 prescripto
972 1912 1096 1985 eiusdem
1133 1929 1183 1995 pto
1201 1910 1336 1988 defundis
1356 1909 1543 1987 celebantur,
1561 1912 1668 1993 poffunr
1675 1913 1790 1994 quidem
1798 1914 1868 1978 dici
1869 1916 1937 1998 ple·

305 1988 444 2050 ·Rubrica
462 2011 538 2052 num.
561 2011 589 2072 3.
610 1991 642 2053 di
660 1990 739 2070 quod
760 1991 884 2053 canenda
904 1992 938 2053 fit
961 1988 1094 2055 inAnn'i-
1135 2016 1177 2054 res
1196 1996 1368 2066 Orationes,
1397 2006 1585 2074 promereti
1610 1993 1664 2071 sed
1690 1999 1874 2071 turudum,
1896 2015 1930 2057 iae

300 2068 473 2144 ‘versariic,
506 2071 629 2155 expresse
648 2070 774 2135 decreuit
796 2071 883 2134 etiam
913 2076 990 2135 sacr.
1021 2077 1092 2134 Con·
1129 2073 1188 2149 fini
1208 2093 1316 2135 numero
1334 2076 1374 2135 iiii
1393 2096 1470 2134 ates.
1492 2076 1572 2148 dicut
1586 2089 1638 2154 pru
1657 2075 1709 2136 illa
1729 2078 1809 2140 Deio
1841 2080 1933 2140 vem'e

309 2166 417 2231 gregat.
439 2155 548 2215 Cincii.
569 2156 601 2213 i'n
620 2157 730 2215 Montis
749 2155 866 2216 Marani'
894 2154 1099 2234 insinuarit·
1135 2155 1278 2236 largitor,
1296 2171 1359 2234 fote
1395 2153 1543 2233 siibmgati
1560 2158 1638 2229 alia,
1661 2173 1809 2238 nempepto
1822 2160 1928 2234 Parte,

232 2234 291 2301 ..aa
315 2250 403 2313 ¹7²3·
422 2231 461 2291 ad
483 2253 511 2293 2.
532 2231 601 2294 dub.
623 2233 695 2306 Ejus
715 2230 814 2294 ausint
834 2231 961 2297 diversus
978 2234 1097 2296 adivet-
1131 2251 1183 2316 pro
1203 2237 1317 2307 Matre,
1339 2236 1403 2299 Oc.
1424 2232 1571 2301 dummodo
1599 2234 1698 2297 ultimo
1725 2240 1784 2302 loco
1812 2242 1928 2301 dicatu

309 2312 344 2375 sis
363 2310 540 2392 assignatur.
561 2312 689 2374 Leander
711 2310 849 2375 Albettus
870 2314 945 2393 apud
966 2310 1094 2376 eruditis·
1136 2316 1235 2380 Oratio
1254 2313 1413 2377 fideliam.

308 2393 412 2455 simum
436 2391 467 2452 P.
488 2391 601 2452 Metati
620 2394 651 2455 in
670 2394 719 2453 iit.
741 2389 866 2453 Robrica
885 2413 915 2469 4,
939 2416 1015 2455 num.
1049 2414 1095 2455 ia.
1174 2396 1264 2469 Juxta
1296 2395 1416 2465 Decreta
1444 2394 1535 2459 allata
1561 2394 1643 2479 supra
1672 2423 1748 2463 nunt.
1777 2422 1811 2479 4.
1834 2400 1959 2479 Missis

251 2520 252 2529 ,
309 2471 384 2532 dicit
406 2472 466 2542 ejus
485 2470 629 2565 aiiflotem
651 2469 729 2534 fuisse
750 2471 888 2536 Latinum
910 2472 1094 2537 Cardinalem
1137 2473 1271 2539 solemnis
1291 2476 1325 2540 de
1347 2476 1487 2557 Requiem
1531 2478 1643 2541 talente
1663 2481 1797 2565 Corpore
1888 2485 1920 2547 esl

299 2551 464 2624 'utinum
487 2550 713 2632 Fraugtpanium
734 2552 824 2614 etiam
847 2552 959 2627 dissum,
978 2597 987 2628 ,
1007 2554 1093 2615 Ordi-
1137 2556 1252 2620 cantari
1278 2557 1308 2617 in
1337 2558 1475 2620 omnibus
1546 2557 1687 2633 minicia,
1719 2564 1751 2624 di
1771 2502 1916 2626 Pessd'o

307 2629 356 2693 tiis
376 2630 617 2712 predicatorum,
636 2631 683 2694 cui
703 2652 767 2693 eam
788 2632 876 2696 etiam
899 2633 1093 2699 tiibnitMat-
1134 2652 1295 2718 precepto,
1318 2654 1505 2719 praeterquam
1528 2638 1558 2698 iii
1588 2639 1750 2717 duplicibus
1781 2643 1808 2704 1.
1842 2642 1918 2707 ciii·

238 2716 271 2755 ³*
307 2710 399 2774 celliis
420 2706 568 2776 Cauneis
588 2716 619 2773 in
637 2716 749 2775 Siaieia
777 2717 862 2776 Sacra
894 2720 940 2777 ii'r.
964 2736 993 2776 2.
1015 2738 1091 2778 num.
1133 2718 1187 2788 ss3
1209 2715 1254 2780 sed
1273 2717 1343 2798 quia
1361 2717 1453 2781 adhuc
1475 2716 1639 2781 remanebat
1661 2720 1781 2786 indecisa
1803 2742 1920 2787 contro·

310 2791 419 2870 ipa‘s
451 2811 535 2857 tintus
555 2812 574 2854 a
594 2790 766 2856 Doetiffimo
790 2795 822 2855 P.
838 2794 1092 2866 loanneMicbae-
1134 2796 1252 2870 versia,
1287 2816 1323 2858 ati
1354 2795 1384 2857 in
1415 2797 1515 2867 eodem
1547 2796 1673 2864 Decreto
1715 2803 1918 2884 comprehenfi

307 2871 338 2934 le
357 2813 502 2935 Caedicii
541 2874 573 2966 iii
600 2873 718 2954 Agenda
747 2874 942 2950 Defensioriim
962 2891 1022 2955 cap.
1045 2895 1092 2937 io.
1117 2892 1283 2938 manerent
1304 2877 1404 2938 cundia
1447 2879 1524 2941 tima
1545 2878 1654 2955 claffis,
1677 2899 1710 2944 ut
1730 2886 1794 2947 vult
1814 2885 1916 2959 Quarti

307 2974 383 3013 nain.
404 2953 433 3013 8.
456 2953 619 3017 Posseriuus
639 2955 670 3014 iii
690 2958 736 3034 Ap
755 2971 836 3013 metu
865 2958 945 3014 Sacro
972 2952 1093 3016 adscribi
1134 2955 1169 3016 ad
1191 2953 1330 3018 Rubricac
1351 2956 1401 3019 Mi
1423 2958 1477 3022 alis
1490 2977 1567 3041 part.
1582 2966 1670 3023 i.tii.
1684 2963 1787 3041 μή.
1803 2987 1866 3027 ω.
1885 2986 1915 3043 7.

306 3032 350 3093 ait
371 3032 522 3112 Augustin.
545 3031 703 3112 Bugellenfi
727 2969 941 3095 dedenuntiat
972 3030 1094 3098 Ordinis
1135 3054 1171 3097 an
1210 3053 1280 3096 vcro
1315 3035 1455 3100 duntaxat
1475 3044 1616 3116 majora,
1649 3040 1695 3105 seii
1724 3042 1912 3122 solemniora,

303 3112 338 3193 Γδ.
360 3113 536 3191 Augustini,
557 3111 675 3175 subdens
695 3111 801 3174 ibidem
823 3112 1090 3179 summensteten
1133 3131 1166 3178 ut
1186 3114 1275 3178 tradit
1296 3114 1457 3199 Pasqualig.
1477 3120 1512 3182 de
1535 3118 1673 3199 [ambicio
1702 3148 1778 3186 nove
1808 3130 1910 3210 Legis,

279 3191 359 3255 feste
380 3193 576 3256 Humbettom
599 3191 736 3270 quintum
746 3191 919 3256 Genetalem
929 3195 1003 3257 Otd.
1021 3195 1091 3256 Pta-
1132 3212 1199 3256 cuii.
1224 3216 1250 3257 ι.
1289 3197 1356 3275 uaefl.
1380 3200 1448 3277 285.
1468 3201 1503 3263 ad
1526 3199 1616 3282 ipsam
1638 3201 1846 3281 dirimendam,
1867 3206 1909 3270 ri·

306 3273 490 3338 dicatorum:
512 3270 659 3335 Ainaldtis
680 3269 776 3333 Wion
797 3269 849 3364 sibt
896 3318 903 3335 .
935 3272 1009 3354 ligni
1028 3279 1093 3337 iiiia
1132 3275 1214 3338 detur
1235 3221 1360 3339 indicere
1382 3276 1498 3358 sequeus
1517 3279 1673 3345 Decretum
1695 3285 1908 3352 norissimeedi·
1987 3318 1988 3361 1

175 3386 177 3393 ·
297 3372 367 3437 cap.
389 3375 439 3431 70.
460 3352 553 3414 asserit
575 3373 592 3413 a
612 3348 779 3443 quibusdam
802 3293 956 3424 adiudicari
978 3354 1090 3419 S.Gre-
1129 3372 1196 3419 tum
1216 3375 1235 3416 a
1254 3357 1338 3419 Sacra
1357 3357 1480 3420 Ritnum
1503 3361 1804 3443 Congregatinnedie
1825 3368 1907 3431 ωδεΦ

308 3432 392 3514 gotio
413 3433 550 3512 Magum
571 3431 602 3492 di
622 3429 673 3490 alii
695 3450 757 3492 earn
779 3431 939 3495 adscribunt
960 3434 989 3497 S.
1021 3436 1089 3511 Bet·
1130 3434 1269 3518 ptembris
1293 3457 1380 3514 174¹·
1402 3438 1447 3500 his
1466 3442 1581 3504 verbis:
1605 3447 1907 3528 Camjuitiailiibri'car

251 3516 287 3577 81
312 3511 423 3582 nard03
443 3512 553 3573 Verum
578 3509 610 3570 P.
632 3508 733 3573 Petrus
755 3513 903 3577 Antonius
932 3514 966 3581 de
994 3516 1089 3579 Vene·
1128 3517 1256 3581 Riiualis
1277 3520 1399 3581 Romani
1417 3518 1518 3601 absque
1538 3522 1656 3603 Mi'ffa,
1690 3546 1817 3607 quantum
1841 3529 1905 3605 fieri

189 3608 193 3621 ·
307 3591 359 3653 tiis
377 3590 407 3651 i'n
427 3590 564 3656 viridario
584 3591 728 3671 Setapbico
747 3609 813 3654 coni.
838 3612 865 3671 ς.
881 3612 958 3675 parc.
1001 3636 1011 3658 .
1034 3596 1087 3658 ita·
1122 3596 1228 3677 potest,
1249 3597 1435 3674 desundstum
1456 3619 1563 3665 cubeta
1583 3629 1635 3667 iton
1650 3600 1709 3681 sint
1731 3610 1900 3690 sepelienda,

294 3672 359 3733 -lioe
379 3669 573 3751 conscripto,
604 3669 632 3731 di
653 3671 676 3734 't
697 3670 775 3736 fuisse
795 3675 984 3757 compositam
1055 3675 1087 3740 P.
1122 3681 1226 3760 poterit
1242 3680 1372 3758 presente
1393 3682 1423 3741 in
1445 3683 1565 3760 Ecclesia
1584 3689 1719 3749 cadavere
1737 3695 1814 3752 urtica
1833 3691 1901 3768 Μίί·

248 3760 257 3771 ”
275 3752 421 3844 'ishoma
442 3751 477 3815 de
497 3750 624 3833 catino,
666 3752 737 3814 tilio.
750 3753 905 3816 Mincium
922 3740 1083 3853 Provinciae
1118 3758 1154 3836 sa
1170 3758 1303 3836 solemnii
1330 3758 1365 3818 de
1385 3763 1518 3841 Requiem
1538 3763 1669 3827 celebrari
1690 3769 1767 3846 feria
1788 3772 1903 3849 secundi

300 3829 462 3906 Marchiae,
485 3834 563 3913 quod
584 3833 716 3897 &asserit
732 3835 822 3897 Lucas
833 3832 999 3917 Wadingus
1007 3836 1082 3913 apud
1122 3836 1259 3916 Pascha,
1278 3855 1328 3898 aui
1349 3842 1530 3920 Penieiofles.
1549 3849 1615 3908 Hac
1634 3864 1729 3911 samen
1750 3856 1829 3930 Mida
1847 3876 1896 3914 ion

243 3944 245 3951 ‚
302 3910 418 3971 Metati
447 3913 498 3974 loc.
528 3914 578 4002 iit.
607 3913 743 3994 quamvis
771 3914 822 3975 alii
852 3915 927 3997 apud
949 3937 1013 3979 eum
1052 3936 1080 3981 m
1122 3915 1316 3981 decantabitur
1335 3920 1366 3981 i'n
1384 3919 1492 4003 duplici·
1507 3928 1605 4005 ptime
1625 3928 1733 4006 elafii,
1754 3936 1830 3993 eiiam
1848 3956 1895 3994 iim

303 3987 485 4071 Wadingum
514 3992 675 4059 adscribant
705 3995 734 4056 S.
768 3993 977 4059 Bonaientutae
1035 3996 1081 4081 vel
1116 3997 1220 4075 fellino
1238 3998 1272 4059 de
1289 4007 1435 4083 precepti,
1453 4004 1482 4079 fi
1498 4023 1589 4087 corpus
1602 4014 1722 4089 presens
1753 4015 1782 4075 in
1808 4014 1893 4075 sicle

299 4069 449 4162 illlattliao
471 4072 655 4154 Aquaspaiio
675 4072 939 4152 E1·Generalibiis,
1010 4076 1081 4138 Car·
1117 4077 1161 4154 fiii
1183 4104 1235 4142 non
1251 4080 1357 4157 suerii,
1378 4100 1428 4142 aut
1443 4083 1471 4158 fi
1483 4086 1571 4163 suerit
1577 4089 1670 4167 pridie
1675 4090 1810 4170 sepulturi
1878 4114 1891 4155 t

299 4148 448 4246 dinalibus·
462 4149 530 4213 didli
552 4154 677 4248 Ordinis·
691 4154 867 4217 Minotum.
955 4214 956 4217 ,
1121 4162 1198 4237 quod
1221 4160 1394 4236 Decretum,
1416 4163 1484 4226 dnm
1544 4166 1653 4231 imittit
1672 4171 1804 4244 celebrati
1817 4112 1890 4239 ’ldis-

238 4230 282 4305 βπ
343 4229 378 4291 Iu
399 4230 497 4299 Missis
516 4234 694 4312 quotidianis
715 4253 768 4315 pro
796 4232 932 4299 defundis
960 4251 1018 4299 tres
1038 4230 1086 4297 te-'
1118 4237 1178 4301 sain
1201 4237 1442 4325 solemnem-prat
1456 4262 1521 4309 ente
1549 4268 1668 4329 corpore
1699 4250 1728 4312 in
1760 4251 1828 4316 seriis
1853 4252 1890 4317 se·

299 4308 764 4455 pprllaripptmdicatptnuthsiiratipnmes
777 4333 885 4461 bldsdae
905 4316 934 4377 in
962 4315 1078 4458 ,bimi
1119 4318 1219 4459 eunapii
1241 4319 1373 4398 Pascha,
1395 4324 1425 4386 dt
1447 4327 1623 4467 Eenpecoslet
1643 4348 1706 4427 qun
1727 4328 1790 4397 sunt
1808 4333 1886 4395 Fini.

297 4411 393 4551 ,ii
815 4414 960 4569 ,iiiii
980 4416 1080 4570 ,iii
1119 4418 1480 4565 :sisinnum
1499 4408 1917 4572 titinntiitii'dis

297 4553 410 4642 τιμὴ,
432 4568 467 4620 ec
486 4554 522 4620 de
543 4551 632 4634 setta,
652 4553 905 4638 nampionis,
926 4554 972 4622 seu
994 4555 1076 4622 serui·
1117 4558 1151 4634 lis
1171 4562 1369 4644 occurrentia,
1388 4585 1448 4630 nori
1467 4565 1583 4645 obscure
1593 4569 1755 4652 indicatur,
1774 4573 1840 4658 quod
1848 4596 1881 4649 et

1805 4655 1849 4723 ee·
