4084 5242
540 93 754 191 onon,
789 35 1176 191 unornane,
1213 89 1331 171 aas.
1359 79 1397 172 r.
1671 97 1745 199 aaa

145 226 186 290 pe
205 206 238 271 in
257 224 329 269 casu
350 197 558 267 ordinationis
580 198 751 264 subdiaconi
767 197 958 275 supplendam
995 218 1041 264 14.
1061 192 1096 259 ὅ(
1115 194 1165 260 alii
1187 194 1285 271 plures
1305 200 1467 272 sustinent,
1486 194 1524 263 ad
1539 196 1674 265 ‘valorem
1692 208 1797 266 Sacra·

151 308 214 355 esse
244 284 355 350 diuam
377 301 517 344 manuum
538 281 761 356 impositionem
782 279 959 354 deprecato-
992 278 1089 341 menti
1124 276 1320 340 traditionem
1346 281 1505 352 materia,
1540 277 1575 342 &
1603 281 1799 357 prolationem

151 373 246 442 riam,
272 385 325 428 seu
339 358 588 437 ,benedidloriam
615 360 772 434 omissam,
800 356 835 422 ὅ(
858 362 888 421 in
909 379 959 421 ca·
992 350 1102 419 forma
1122 355 1234 419 debere
1255 376 1320 419 esse
1337 354 1499 420 simulnon
1515 374 1632 422 tanturn
1647 362 1800 427 simultate

151 468 184 512 su
211 440 382 510 collationis
402 437 655 504 Confirmationis
676 438 865 515 supplendam
893 456 960 502 esse
993 434 1115 510 morali,
1147 434 1199 499 sed
1227 438 1320 499 etiam
1347 432 1485 514 physica,
1512 435 1620 500 saltem
1645 444 1676 503 in
1702 442 1802 520 aliqua

149 524 366 588 admixtionem
394 519 517 584 balsanai
537 540 619 587 ⁴curn
638 516 706 584 oleo
727 519 959 594 praetermissam
992 532 1102 590 parte,
1137 513 1212 578 adeo
1240 531 1284 577 ut·
1301 519 1327 579 si
1356 515 1492 580 totaliter
1509 534 1644 591 ‚ponatur
1672 521 1802 596 prolatio

131 598 220 669 'cum
248 601 348 666 debita
378 599 538 667 verborum
566 594 663 664 forma
679 592 695 673 ,⁸
722 594 762 662 &
790 598 960 661 intentione
993 590 1100 657 farmae
1120 614 1207 668 aare,
1228 594 1275 657 vel
1291 612 1359 670 post
1375 595 1547 661 contorium
1562 601 1713 675 materiae,
1734 601 1802 663 nul-

148 683 238 750 modo
266 679 450 757 orpraditto.
482 677 571 743 Unde
599 683 667 757 quia
689 680 721 740 in
741 698 812 742 casu
832 675 961 741 Ordina-
993 673 1023 737 lo
1051 673 1146 739 modo.
1166 675 1307 738 subsistat
1335 682 1583 742 Sacramentum.
1615 680 1700 741 Hinc
1736 682 1807 756 quia

148 765 240 829 tionis
270 761 447 824 Subdiaconi
478 773 597 823 tantum
629 753 767 823 defuerat
788 756 859 833 quid
879 760 962 819 acci-
995 753 1060 817 brec
1081 756 1230 817 sententia
1251 772 1298 817 est
1319 759 1415 822 tutior
1433 759 1544 833 prima,
1565 756 1641 820 adeo
1660 759 1806 824 orcobat

150 841 287 917 dentale,
314 856 432 905 tanturn
453 835 642 902 accidentale
662 834 857 912 supplendum
877 850 962 911 erar,
995 830 1081 897 crau.
1103 855 1131 906 7.
1149 854 1214 897 cas.
1236 858 1264 905 a.
1284 856 1363 902 narn.
1388 861 1454 907 114·
1474 834 1548 901 licet
1564 841 1689 913 primam
1701 834 1808 902 delen-

149 920 185 988 &
209 924 278 999 quia
298 923 418 985 incarn
442 915 629 983 collationis
641 913 886 981 confirmationis
907 915 960 978 de·
997 910 1066 987 dat,
1094 934 1154 977 non
1173 911 1263 978 audet
1283 935 1350 978 eam
1370 936 1478 981 vocare
1498 915 1652 981 moraliter
1671 934 1808 996 certam,

151 998 254 1068 fuerat
281 994 493 1075 substantiale,
522 996 591 1065 ideo
614 994 807 1061 substantiale
826 995 965 1071 supplen-
997 1008 1033 1085 ut
1054 988 1186 1086 advertit
1205 996 1415 1071 etiamsporer
1428 996 1686 1091 luccianumyy.
1703 1018 1808 1075 quam.

148 1082 225 1149 'dum
252 1098 335 1155 erat,
366 1077 400 1143 ὃ(
425 1080 458 1141 in
489 1094 596 1143 neutro
624 1097 693 1141 casu
722 1076 762 1141 ob
784 1074 817 1143 id
838 1078 966 1139 iteratur
999 1091 1045 1133 urs
1071 1091 1134 1146 ipsa
1154 1093 1212 1135 non
1232 1092 1334 1139 careat
1354 1098 1406 1141 sua
1426 1075 1653 1154 probabilitate,
1671 1099 1742 1142 cum
1762 1093 1831 1143 ra-¹

155 1168 400 1227 Sacramentum.
435 1162 507 1223 Non
527 1161 557 1221 in
578 1179 649 1221 casu
669 1156 870 1230 Subdiaconi,
898 1156 965 1230 quia
999 1169 1069 1214 men
1088 1167 1194 1228 agamr
1214 1150 1253 1216 de
1274 1154 1374 1220 valore
1394 1159 1598 1234 sacramenti,
1615 1159 1666 1221 ubi
1682 1177 1811 1237 sequen-

153 1242 196 1309 ibi
224 1237 376 1316 suppletur
397 1254 513 1300 tantum
557 1234 607 1301 uid
629 1234 819 1325 accidentale
841 1255 899 1298 non
921 1234 967 1295 in·
1001 1229 1040 1295 da
1061 1248 1108 1297 est
1129 1233 1242 1307 tutior,
1262 1252 1296 1296 ut
1316 1256 1354 1298 er
1374 1241 1578 1312 propositione
1601 1237 1812 1303 minterdam.
1896 1254 1901 1275 .

153 1318 294 1399 grediens
315 1318 476 1383 essentiam
496 1320 539 1379 Or
564 1317 717 1383 'nationis
752 1321 820 1387 Nec
842 1317 873 1376 in
894 1332 966 1377 casu
1000 1326 1083 1375 natas
1111 1311 1148 1375 ab
1175 1313 1351 1379 Innocentio
1379 1320 1433 1383 Xl.
1462 1315 1513 1379 die
1538 1340 1564 1381 2.
1595 1320 1704 1383 Martii
1733 1324 1810 1395 1679

155 1399 243 1465 diua
274 1393 535 1472 confirmationis,
583 1399 631 1459 uia
660 1418 730 1460 cum
760 1395 800 1459 ibi
833 1388 967 1458 defirerit
1000 1408 1059 1455 non
1086 1408 1132 1455 est
1159 1393 1189 1453 in
1219 1398 1302 1468 praxi
1332 1394 1369 1459 ab
1397 1394 1452 1460 hac
1480 1399 1639 1471 posteriori
1662 1397 1812 1461 receden-

155 1501 223 1558 pars
253 1473 442 1551 essentialis,
470 1499 550 1541 uon1
591 1479 616 1540 it
643 1488 715 1545 tunc
743 1472 842 1538 valide
865 1480 968 1549 Sam·
1000 1468 1089 1543 ἆυῐῃ,
1111 1473 1166 1534 nisi
1188 1470 1277 1536 aliter
1297 1492 1416 1540 constet
1434 1497 1501 1540 esse
1522 1496 1592 1540 vere
1612 1499 1628 1539 a
1649 1479 1815 1543 Sanstase.

157 1576 294 1625 mentum
314 1556 475 1633 collatum,
495 1555 628 1633 adeoque
650 1577 709 1623 non
730 1555 845 1625 dicitur
865 1568 969 1629 postea
1001 1548 1039 1614 de
1051 1548 1214 1639 decisum.
1236 1556 1314 1615 Tum
1336 1559 1403 1631 quia
1423 1563 1529 1620 Scotus
1548 1561 1616 1626 ina.
1635 1554 1665 1620 d,
1677 1567 1704 1620 6,
1721 1578 1769 1636 qu,
1782 1581 1814 1635 3,

158 1639 284 1713 iterari,
311 1637 363 1700 sed
385 1636 481 1710 p'rimo
501 1631 653 1710 conferri,
673 1656 745 1700 cum
765 1657 825 1721 pon
848 1631 972 1696 dicatur
1002 1633 1140 1703 Capetan.
1162 1634 1238 1697 Nav.
1258 1632 1295 1697 ὃ(
1309 1632 1360 1697 alii
1377 1637 1546 1712 gravissimi
1561 1636 1710 1700 Dostores
1731 1654 1813 1701 teste

157 1720 282 1793 iterari,
309 1714 391 1793 'quod
419 1736 457 1778 ne
476 1714 567 1780 semel
591 1716 712 1795 quidem
730 1714 883 1811 perjurium
906 1728 971 1792 est,
1003 1716 1111 1784 sporer
1130 1708 1185 1774 loc.
1205 1713 1256 1776 cit.
1277 1725 1341 1792 cap.
1367 1740 1391 1779 1.
1411 1736 1490 1780 anua
1509 1721 1561 1793 ¹83.
1584 1732 1692 1792 irrogant
1713 1714 1816 1781 valere

1 1851 7 1862 ·
158 1817 212 1877 pes
234 1795 299 1871 lm
317 1794 445 1865 “d-dl&
466 1807 558 1876 “W
580 1818 658 1861 nim·
681 1817 730 1870 57·
1002 1791 1202 1864 Baptismum,
1230 1792 1254 1853 si
1285 1807 1350 1854 tota
1380 1789 1474 1856 forma
1502 1799 1716 1869 pronuncietur
1743 1814 1816 1859 ante

1 1902 9 1941 t
97 1898 140 1959 64
199 1879 269 1941 Non
290 1895 355 1941 esse
376 1895 501 1940 necesse
522 1864 559 1937 ad
580 1874 975 1939 valoremSacramentioe
1004 1886 1149 1945 caeptam,
1175 1865 1227 1963 vel
1244 1865 1358 1933 finitam
1376 1870 1579 1939 ablutionem.
1599 1872 1634 1939 dt
1654 1872 1737 1938 Felix
1758 1880 1818 1939 Po-

1 1983 6 2023 Ι
159 1952 258 2030 dinis,
282 1971 316 2018 ut
337 1955 492 2019 contactus
513 1958 649 2019 materiae
669 1950 720 2017 fiat
741 1951 830 2017 simul
850 1951 973 2029 physice
1003 1965 1097 2015 testas
1123 1944 1178 2013 loc.
1199 1964 1250 2014 crt.
1280 1972 1311 2015 a.
1335 1974 1400 2026 137·
1424 1971 1563 2028 expresse
1583 1951 1680 2017 dicit:
1707 1956 1819 2021 Tutius

1 2065 5 2082 ‚
161 2056 232 2099 cum
261 2033 427 2114 prolatione
454 2028 579 2107 formae,
604 2031 663 2095 sed
686 2027 843 2104 sufficere,
871 2028 970 2095 sitliat
1003 2047 1105 2093 autem
1134 2044 1198 2104 est,
1226 2045 1262 2091 ut
1281 2027 1389 2094 saltem
1407 2035 1578 2113 priusquam
1599 2033 1737 2099 mareriae
1755 2049 1827 2098 tra,

160 2114 250 2181 simul
278 2109 449 2182 moraliter,
477 2106 566 2179 idest,
585 2107 672 2184 paulo
699 2127 790 2187 ante,
815 2108 865 2172 vel
885 2111 970 2187 pano
1003 2107 1083 2173 ditio
1110 2103 1246 2185 finiatur,
1274 2104 1381 2176 formae
1409 2110 1536 2189 prolatio
1557 2116 1699 2189 incipiat,
1728 2131 1819 2176 auto

168 2190 243 2266 ost,
267 2186 431 2255 defendunt
452 2190 886 2255 Ronacinaloc.cir.num.12.
909 2194 970 2253 Va·
1004 2208 1168 2264 converso,
1198 2205 1233 2250 ut
1260 2196 1459 2257 communiter
1479 2192 1629 2257 9030OE
1649 2191 1760 2256 docent
1780 2190 1830 2263 d'e,
1869 2212 1872 2221 .

157 2215 271 2345 fimtia’
290 2263 434 2335 Emanuel
456 2270 510 2338 δὴ
530 2268 674 2341 Num*
693 2271 888 2342 Henfqu022
908 2273 972 2334 Re·
1003 2271 1171 2344 &plisnam
1192 2265 1382 2335 Unde'reue
1396 2291 1502 2336 contra
1518 2270 1591 2337 alios
1608 2268 1701 2336 infert
1716 2270 1820 2337 Gobat

181 2348 315 2423 inaldus,
347 2342 453 2419 &alii
474 2342 593 2415 abipso
613 2328 813 2436 ibinallegati,
837 2347 972 2419 [aymam
1005 2343 1092 2413 3148,
1117 2370 1142 2415 Ι,
1163 2367 1242 2412 num·
1265 2345 1481 2419 ⁶149,an
1504 2375 1531 2415 2·
1551 2371 1630 2419 num·
1652 2377 1698 2417 ω.
1721 2352 1822 2416 οωῃί·

158 2374 517 2498 dor.cir.nuan.3.infiue
535 2442 606 2485 cum
620 2422 774 2495 Vilioria,
794 2419 912 2485 &aliis
931 2426 975 2487 ibi
1008 2444 1047 2485 no
1077 2426 1365 2497 repetendumvesse
1390 2432 1572 2506 Baptismum
1602 2429 1706 2494 taliter
1729 2428 1824 2495 colla-

162 2507 286 2578 citatis,
315 2500 408 2587 Card,
427 2499 466 2564 de
490 2502 580 2579 Lugo,
593 2508 726 2581 respons.
744 2501 847 2565 uural.
869 2498 922 2569 lib.
948 2529 980 2568 1.·
1008 2515 1094 2575 tum,
1111 2500 1241 2565 addens:
1268 2508 1350 2567 Idem
1380 2511 1501 2573 onmino
1530 2512 1629 2573 sentio
1648 2507 1686 2573 de
1706 2506 1850 2585 oidim.

162 2580 297 2661 dub‚33.·
314 2603 344 2648 n.
371 2607 402 2657 1„
419 2574 522 2647 Palaus
542 2577 627 2649 trull.
653 2603 699 2654 ap.
720 2591 801 2659 part.
822 2605 852 2651 4·
873 2601 903 2648 n.
928 2606 974 2648 ao.
1009 2579 1256 2657 presbyteratus,
1276 2581 1311 2651 dc
1331 2588 1544 2660 Episcopatus,
1564 2591 1672 2664 quippe
1692 2609 1730 2655 ex
1751 2608 1825 2664 quo·

162 2672 273 2742 §poter
292 2660 348 2727 loc.
371 2661 422 2727 cir.
444 2682 473 2729 n,
493 2685 542 2738 37.
563 2655 645 2725 Felix
666 2665 779 2729 Potest.
802 2658 856 2726 loc.
871 2661 925 2728 cic.
942 2684 974 2730 n.
1010 2678 1079 2722 rum
1106 2663 1193 2723 irrita
1220 2659 1383 2727 collatione
1412 2667 1486 2728 oriri
1515 2682 1637 2741 possunt
1671 2670 1827 2731 innumera

170 2757 236 2822 136.
258 2738 438 2821 Rosigpolus
453 2739 936 2822 deraramanrisiagaaereparr.
950 2770 976 2810 1.
1011 2736 1105 2805 mala.
1126 2743 1236 2817 sicque
1255 2744 1286 2804 in
1307 2745 1390 2819 praxi
1410 2748 1457 2808 est
1471 2747 1592 2808 omnino
1609 2744 1757 2827 sequenda
1772 2767 1826 2810 no-

100 2882 105 2895 „
166 2824 273 2905 quor.
290 2846 321 2889 a.
342 2837 401 2886 arr.
424 2843 451 2897 3·
472 2841 551 2885 nrnu.
576 2840 603 2893 s.
625 2813 750 2897 barser.
783 2814 819 2883 dc
847 2820 918 2899 alii,
946 2821 979 2887 id
1015 2832 1078 2891 stra,
1101 2823 1268 2897 sententia,
1296 2825 1365 2900 quia
1386 2827 1521 2900 quamvis
1540 2824 1624 2901 juxta
1644 2827 1829 2890 sententiam

167 2901 327 2982 probantes
354 2903 449 2964 etiam
469 2920 508 2969 eu
528 2902 610 2977 praxi
631 2897 838 2967 nonnullorum
858 2904 984 2977 Episco.
1016 2897 1256 2965 adversariorum
1276 2919 1357 2967 esset
1377 2902 1473 2970 valida
1492 2902 1560 2969 talis
1579 2904 1755 2981 Ordinatio,
1775 2902 1830 2967 ad-

167 3003 293 3071 potum,
313 2980 363 3059 qui
386 2997 466 3055 teste
486 2976 706 3063 Marchinode
720 2977 833 3041 Ordine
855 2981 940 3048 troil.
953 3008 978 3049 1.
1015 2976 1088 3044 huc*
1111 2982 1206 3044 etiarn
1235 2982 1399 3048 secundum
1427 2989 1506 3062 ipsos
1532 2983 1717 3051 adversarios
1746 3001 1828 3049 esset

166 3074 232 3144 par.
261 3088 285 3127 1.
308 3069 372 3156 cap.
396 3064 442 3126 1'6.
462 3080 493 3127 n.
513 3082 558 3134 13·
580 3056 697 3155 (girando
716 3055 815 3134 plures
835 3078 904 3122 sunt
924 3064 981 3126 ini·
1014 3061 1147 3136 grauiter
1175 3059 1300 3138 illicita,
1327 3067 1371 3132 ira
1390 3082 1426 3130 ut
1445 3082 1625 3142 peccaretur
1645 3064 1831 3139 mortaliter,

169 3139 264 3205 tiandi
282 3140 397 3205 Ordine
413 3137 619 3214 Sacerdotab,
640 3134 753 3215 prolata
767 3136 867 3202 ‘semel
886 3134 982 3206 sonna
1015 3140 1040 3204 si
1060 3142 1125 3203 sine
1145 3144 1228 3218 gravi
1249 3146 1431 3210 necessitate
1451 3142 1483 3210 id
1503 3141 1607 3219 fieret,
1628 3162 1663 3208 ut
1677 3148 1747 3207 cuni
1763 3142 1831 3211 aliis

169 3220 202 3288 in
221 3218 324 3298 plurali
340 3220 485 3298 Accipite
496 3214 751 3298 potestatemipc.
765 3216 904 3294 'praebent
922 3242 985 3284 ma-
1016 3217 1154 3283 advertit
1170 3226 1279 3296 sporer
1305 3224 1490 3289 cimanum
1511 3246 1560 3301 3⁷·
1582 3222 1618 3290 &
1638 3226 1689 3290 cir.
1710 3234 1775 3302 cop.
1800 3248 1834 3297 ι,

170 3304 280 3366 teriam
301 3297 431 3373 pluribus
452 3301 624 3367 successive
638 3295 834 3375 tangendam,
854 3321 912 3363 non
934 3323 984 3365 re·
1016 3320 1095 3364 num.
1117 3307 1166 3371 64,
1194 3299 1375 3366 concludens
1401 3305 1433 3365 in
1459 3318 1571 3379 genere
1598 3300 1702 3383 quoad,
1715 3304 1830 3378 praxim

171 3385 266 3459 petita
295 3374 410 3455 lorum,
436 3395 526 3455 atque
547 3376 676 3443 validam
695 3397 761 3442 esse
780 3377 871 3444 talem
891 3381 987 3446 Ordi-¹
1017 3375 1274 3445 consultissimum
1301 3401 1382 3457 esse,
1412 3397 1447 3445 ut
1472 3384 1618 3447 Minister
1645 3381 1832 3445 Sacramenti

172 3465 328 3527 nationem
342 3454 434 3525 fuisse
448 3457 700 3531 decisumRomae
717 3459 750 3521 in
767 3455 894 3535 quadam
903 3464 986 3526 Con·
1017 3476 1107 3524 curet
1134 3464 1279 3524 maiorem
1299 3482 1389 3538 quarn
1408 3476 1507 3538 potest
1527 3457 1626 3526 facere
1645 3459 1834 3527 simultatem

172 3542 364 3622 gregatione,
386 3556 515 3603 testatur
528 3541 680 3603 Martinus
694 3541 854 3604 fornerius
874 3539 912 3604 de
928 3548 987 3607 Or·
1016 3541 1153 3606 materiae
1180 3537 1216 3606 ἃ
1241 3536 1354 3618 formae⁴
1368 3562 1395 3608 v.
1417 3562 1445 3619 g.
1466 3544 1496 3607 in
1516 3544 1690 3619 Baptismo,
1715 3537 1835 3606 Confir-

175 3621 325 3688 dinarione
347 3632 412 3701 cap.
430 3645 457 3686 a.
477 3641 507 3684 n.
526 3641 553 3692 5·
574 3617 652 3695 apud
668 3620 845 3682 Ronacinam
865 3619 982 3688 lorcin
1017 3624 1167 3697 macione,
1186 3638 1323 3685 extrema
1341 3620 1507 3698 υηᾶἰοηε,
1526 3621 1739 3697 ordinatione,
1759 3618 1834 3683 dum

175 3723 205 3769 n.
227 3721 255 3775 5·
276 3715 350 3779 tuns,
370 3701 453 3775 enim
472 3696 597 3765 habetur
618 3696 753 3765 simultas
771 3698 907 3775 moralis,
929 3722 987 3767 nec
1017 3702 1130 3785 abluit,
1158 3703 1292 3781 inungit,
1319 3702 1552 3770 instrunmnrni
1572 3699 1695 3773 Ordinis
1720 3698 1834 3783 tradit,

174 3778 294 3845 tdllitur
319 3780 447 3857 proprie!
466 3775 666 3857 significatum
686 3775 806 3844 illorum
825 3779 986 3846 verborum
1019 3780 1108 3847 simul
1130 3776 1265 3858 proferat
1285 3776 1433 3850 lormam.

176 3859 320 3939 Accipite
330 3871 508 3939 potestatem
522 3852 590 3929 dtu.
615 3861 748 3937 quamvis
770 3862 801 3922 in
821 3850 989 3936 prolatione
1065 3865 1234 3938 Episcopus
1267 3860 1433 3939 ordinans,
1469 3866 1519 3947 qui
1547 3858 1662 3941 profert
1688 3858 1834 3935 formam,
1853 3864 1895 3921 66

179 3936 356 4017 eorumdem
382 3960 440 4006 non
469 3941 620 4007 mernor
642 3936 771 4017 physice
797 3939 989 4023 canianum,
1022 3940 1115 4006 debet
1141 3946 1236 4007 etiam
1255 3962 1310 4017 per
1328 3964 1361 4006 se
1383 3945 1415 4020 ip
1429 3963 1481 4006 um
1496 3940 1655 4024 ‚porrigere
1675 3945 1834 4006 materiam

180 4017 235 4085 sed
254 4036 374 4091 tantum
394 4017 565 4094 moraliter,
586 4020 666 4085 idest
686 4018 773 4095 paulo
793 4036 877 4096 post.
1021 4020 1201 4101 tangendam
1229 4022 1267 4087 ab
1293 3966 1484 4091 brdinandis.
1516 4029 1565 4089 Sic
1585 4031 1700 4088 suarez
1714 4036 1781 4087 tom.
1802 4040 1831 4096 5.

119 4115 156 4181 ις
220 4103 374 4185 Navarpus
394 4101 521 4183 veroin
542 4099 987 4179 Muuar'cap.22‚num.'·17.
1022 4097 1474 4184 disp.42.sell.3.nmn.11·.
1497 4103 1832 4169 ManmusFornarius
1895 4172 1900 4187 k

180 4178 318 4257 Caietam
348 4180 384 4243 in
410 4179 548 4261 Opusrrrl.
575 4176 661 4243 rralr.
682 4186 730 4243 26.
751 4175 891 4248 Paludan.
912 4181 990 4257 apud
1021 4181 1061 4246 dr
1080 4180 1274 4246 ordinatione
1293 4191 1356 4260 cap.
1379 4204 1406 4247 a.
1428 4204 1506 4249 nuru.
1526 4204 1553 4254 4.
1569 4178 1831 4248 serranianus
1966 4224 1968 4231 ·

183 4258 218 4328 nr
239 4280 309 4324 cum
329 4260 474 4331 silvestro
493 4256 579 4325 verb.
600 4253 698 4322 Undis
716 4253 746 4341 §.
768 4282 797 4334 7.
827 4262 871 4324 La
891 4265 990 4326 Croix
1021 4282 1052 4327 a.
1077 4271 1123 4327 ιθ.
1143 4281 1215 4324 cum
1234 4259 1300 4323 aliis
1321 4261 1365 4324 ibi
1382 4260 1533 4341 allegatis,
1554 4259 1833 4325 lacroixrocair.
1872 4274 1881 4293 ‘

183 4336 286 4407 dixe.
302 4352 386 4421 part.
410 4365 436 4408 ιι
457 4360 536 4407 num.
559 4340 647 4411 2148.
671 4358 741 4404 cum
761 4337 897 4417 Caietam
917 4344 988 4408 Ric.
1022 4338 1058 4409 dt
1077 4338 1130 4403 alii
1151 4342 1273 4418 passim,
1293 4337 1328 4406 dr
1348 4344 1495 4408 Mestrius
1515 4339 1614 4408 Tbtol.
1629 4337 1732 4407 moral.
1751 4337 1835 4417 disp.

187 4416 288 4487 cbard.
316 4424 444 4487 Navarr.
466 4417 628 4495 Gramdo,
656 4416 692 4482 dr
717 4418 783 4484 aliis
806 4421 848 4484 ibi
869 4422 990 4502 citatis,
1027 4447 1073 4487 10.
1093 4431 1181 4486 ωε.
1202 4417 1238 4489 &
1251 4439 1392 4495 expresse
1411 4420 1551 4486 decrerit
1570 4425 1839 4499 Sacracongrcgo

187 4496 365 4569 mucione.
388 4499 511 4571 cautela
531 4494 718 4582 confessarii
734 4496 825 4572 lius.
842 4502 945 4585 cipi,
959 4526 991 4574 n.
1030 4503 1073 4572 ric
1091 4506 1125 4577 S.
1142 4495 1241 4580 Officii
1257 4497 1309 4568 die
1330 4501 1501 4593 soriguer·
1511 4509 1597 4582 1⁶97·
1617 4496 1838 4641 apudptstc‘tlrc.
1884 4514 1904 4543 ἰ
