4084 5242
274 47 358 133 270
654 19 1373 105 MUtoDus.

255 138 295 203 Et
317 134 425 200 dicitur
445 131 571 197 Artium
591 153 609 196 a
628 134 751 217 quadam
784 132 1001 199 constellatione
1083 131 1170 196 Ultra
1189 128 1343 213 assignatos
1363 127 1446 215 supra
1466 155 1496 195 n.
1522 151 1590 213 ιιι.
1622 128 1826 214 prasinorum
1849 162 1912 227 ιφ

214 219 395 302 Stellarum,¹
419 235 507 297 qaam
528 215 624 281 Graeci
646 215 793 299 appellant
815 215 940 292 Assios,
971 215 1003 279 dt
1043 218 1189 291 majorum
1213 212 1389 276 circulorum
1420 209 1642 296 principaliores
1672 214 1832 300 cardines,

215 298 316 369 Latini
336 302 454 378 Ursam:
486 297 602 363 Dicitur
660 298 730 361 riter
751 297 1008 378 septentrionalia
1049 294 1095 360 seu
1117 295 1222 373 pausia
1242 291 1434 368 cardinalia,
1455 291 1520 356 sunt
1542 294 1634 360 etiam
1657 296 1785 376 leniri,
1804 302 1837 367 de

223 376 329 463 septem
352 377 541 459 lucidioribus
562 379 620 442 Stel
636 381 661 445 is
691 378 936 461 componentibus
965 377 1006 439 di·
1051 376 1162 448 Μαίη
1195 374 1300 465 Zenirb
1319 373 1474 450 Arabice,
1505 375 1611 441 Latine
1635 390 1740 442 'verres
1760 385 1838 451 celi

216 462 291 524 dam
314 459 563 525 constellationem
577 461 654 538 Urse
664 459 795 541 majoris,
816 462 847 523 be
867 481 902 525 eo
921 458 1001 539 quod
1041 457 1165 532 dicitur,
1188 457 1218 518 δι
1233 460 1342 531 Nauis,
1366 456 1511 528 Arabiae,
1533 457 1640 522 latine
1660 463 1751 525 imam
1762 467 1839 532 Coela'

216 543 250 606 stt
270 538 365 606 versus
385 541 639 625 Septentrionem
661 539 735 604 item
756 540 863 605 dicitur
875 541 1003 605 Borealis
1041 554 1184 603 vocatur.
1206 538 1278 601 Hac
1298 536 1356 602 duo
1376 537 1546 603 cardinalia
1565 538 1741 624 punbiasoia
1754 566 1835 612 men·

214 638 342 689 avanto
363 620 455 689 Borea
476 622 540 686 iude
560 617 679 685 flante.
714 619 801 687 Polus
833 640 932 685 autem
953 640 1006 684 att·
1044 636 1075 682 te
1095 617 1327 699 concipiuntur,
1357 639 1429 682 nant
1448 619 1555 685 Zenitb
1586 622 1761 705 imaginatur
1781 629 1837 695 esse

215 703 349 768 tarsiicus
369 701 418 765 ille
438 702 505 780 eli,
535 703 587 785 qui
608 724 643 768 er
666 700 785 767 aduerso
811 704 923 846 postus
951 721 1005 766 nos
1047 697 1121 795 illud
1141 697 1221 793 poli
1243 700 1380 795 parisium
1399 701 1521 796 ,quod
1541 700 1577 767 ad
1598 707 1837 788 perpendiculum

216 784 375 867 Europaeoa
395 802 537 869 perpetuo
559 784 650 859 latet,
683 786 767 860 jutta
788 782 859 851 ilud
879 780 1003 866 Virgilii
1046 796 1165 845 verticis
1196 782 1336 846 terresltts
1362 780 1536 849 habitatoris
1568 783 1738 864 imminet,
1768 788 1840 856 idesl

215 867 268 930 loc.
289 867 339 927 cis.
360 865 434 946 vers.
460 887 530 948 342.
551 865 610 930 Sub
626 865 748 948 pedibas
768 864 843 950 Styx
865 882 928 929 atta
957 863 1004 928 vi·
1045 860 1118 931 illud
1139 859 1218 927 Cteli
1239 862 1406 948 pontium,
1436 865 1515 946 quod
1536 886 1568 929 v.
1611 887 1634 929 r.
1656 886 1727 930 meo
1746 871 1837 953 capiti

217 949 299 1021 det,
330 948 474 1028 manesque
475 949 569 1090 peasa
607 952 656 1044 is
680 947 712 1010 de
732 946 840 1013 dicitnr
859 943 1007 1014 Antardii·
1050 940 1190 1007 imminet
1210 943 1240 1007 in
1260 963 1442 1042 quacumqpe
1462 964 1543 1027 parte
1607 946 1675 1008 undi
1696 947 1837 1031 existam,

218 1029 490 1177 iustitiis,
505 1027 1007 1192 ¹b„tiri¹2i‘i⁰,⁰tdl¹:¹⁸,i²
1042 1023 1838 1184 diuisistiinsanissimum

217 1191 262 1255 sus
281 1190 452 1269 meridiem,
473 1212 507 1255 ac
528 1192 618 1259 etiarn
639 1191 791 1270 Australis,
822 1190 892 1273 quia
913 1188 949 1253 ab
970 1211 1003 1253 ea
1044 1188 1223 1272 imaginatur
1242 1186 1295 1253 esse
1314 1185 1387 1252 illud
1438 1188 1583 1264 unsium,
1635 1211 1673 1255 uo
1703 1214 1740 1257 ex
1763 1190 1833 1257 Dia·

217 1270 328 1335 Mundi
349 1291 430 1355 parte
451 1289 556 1339 ventus
577 1273 625 1342 ille
647 1271 755 1357 spirat,
784 1291 873 1355 quem
891 1269 1000 1350 Aassra-
1043 1287 1158 1347 metro,
1179 1266 1226 1365 seu
1247 1288 1283 1354 pe
1335 1266 1401 1365 ndic
1433 1270 1522 1335 ariter
1540 1210 1705 1355 oppolitum
1728 1272 1839 1338 Zmirh

217 1354 273 1431 im
293 1352 496 1436 Wlfflin·
1044 1353 1118 1417 meis
1139 1351 1257 1434 pedibus
1299 1351 1457 1429 ubjicttuts
1486 1351 1605 1437 suntque
1632 1354 1722 1419 ambo
1741 1356 1835 1422 Hori·

142 1453 199 1515 1²7
262 1434 297 1499 ln
328 1435 457 1505 medium
487 1435 592 1501 borum
616 1438 755 1515 Polomrn
789 1437 894 1521 pendet
922 1453 1005 1501 terrra
1048 1432 1145 1497 sontis
1164 1430 1251 1496 Poli.

218 1514 358 1660 ffi⁰b¹3³b
376 1517 452 1583 itaut
474 1518 494 1581 st
515 1518 629 1591 deberet
648 1519 775 1619 pertrahi
797 1518 911 1584 sunisa
934 1514 1007 1580 Polo
1065 1514 1167 1613 'laem
1188 1512 1388 1611 pradisiomm
1410 1516 1555 1590 maiorum
1567 1516 1740 1614 circulorum
1748 1519 1829 1604 prin·
1860 1533 1928 1599 130

254 1595 343 1659 rlltco
364 1596 506 1682 usquead
530 1602 764 1680 Autarsitcnm,
799 1600 904 1666 necesse
923 1596 1005 1662 debe·
1046 1595 1201 1679 capaltotas
1219 1595 1370 1675 cardtnea,
1392 1594 1554 1693 seopo'nfla
1574 1598 1835 1677 catdtml122sunt
1905 1664 1916 1673 ι

220 1695 262 1822 ἕξ
286 1679 345 1821 hi‘
363 1681 481 1823 ³¹²¹¹s¹i
503 1683 701 1829 ustus,
723 1703 821 1827 ‘3¹²'
853 1677 1005 1829 iit-si
1048 1676 1154 1820 ⁹⁰33:
1173 1676 1236 1818 il
1256 1678 1418 1822 liim’sii
1431 1698 1499 1822 ”l
1516 1675 1633 1824 “⁰²2⁸
1653 1676 1775 1822 ⁸⁰³}it‘1
1788 1677 1838 1745 ‘²⁰

221 1780 374 1935 bidllitrri
393 1782 741 1926 {biledeebearregtnt'iita
761 1782 864 1909 litigii
882 1810 940 1907 duo
962 1837 1003 1903 so·
1045 1780 1118 1925 gite
1139 1775 1428 1920 AE’qninieiiissidest
1439 1777 1598 1936 ociitti’rdiet
1618 1779 1751 1904 rictibus
1773 1779 1838 1903 tibi·
1977 1901 1980 1904 ,

221 1940 351 1996 tamma,
373 1945 462 1986 unum
486 1922 582 1989 versus
601 1927 853 2009 Septentrionem.
882 1923 914 1987 bt
934 1921 1003 1987 alte·
1067 1942 1102 1986 ue
1123 1936 1265 1984 terrarum
1296 1921 1418 2004 asquaies
1436 1920 1557 1996 effictt3
1589 1923 1621 1987 de
1642 1922 1703 1985 bac
1732 1920 1843 2005 puniit

220 2022 283 2067 ram
306 2001 401 2068 versus
422 2005 610 2069 Meridiena:
640 2007 714 2072 unde
733 2008 804 2090 quia
825 2004 855 2069 id
874 2003 937 2069 lieri
958 2023 1006 2066 ne·
1076 2000 1218 2065 ardinalia
1236 2017 1348 2078 ortus,
1377 2002 1409 2066 bt
1428 2000 1568 2078 occasus,
1601 2002 1668 2069 sunt
1689 2002 1739 2065 iila
1766 2047 1775 2079 ,
1807 2002 1838 2065 in

220 2085 318 2164 quit,
350 2085 564 2157 Mathematici
606 2103 741 2153 accurate
811 2103 915 2151 narunt
945 2084 1004 2146 duo
1045 2083 1150 2171 quibus
1169 2082 1360 2147 Horiaon·ab
1382 2083 1535 2179 AEquatote
1556 2084 1692 2161 secatur,
1726 2083 1836 2148 baben-

219 2164 355 2249 panna,
378 2166 428 2230 ubi
450 2165 605 2233 debuissent
626 2167 689 2232 fieti
710 2171 768 2234 duo
809 2169 866 2231 isia
886 2166 1004 2230 forami·
1046 2184 1058 2229 t
1115 2185 1150 2229 tte
1171 2164 1250 2248 quafi
1271 2161 1333 2261 poli
1354 2163 1549 2239 Mertdiani;
1578 2183 1609 2229 at
1639 2165 1685 2228 bis
1705 2165 1834 2229 brevitet
1914 2172 1938 2192 ‘

222 2266 280 2322 oa,
312 2246 344 2309 δι
363 2246 423 2310 haec
444 2265 586 2313 uocarunt
607 2251 688 2312 Putas
708 2250 745 2314 ad
765 2249 852 2314 instar
879 2250 1003 2312 duorum
1045 2264 1074 2311 tr
1111 2247 1180 2323 itis,
1200 2246 1236 2310 de
1256 2244 1372 2311 circulis
1392 2245 1549 2312 exordiae
1570 2246 1608 2313 esi
1627 2245 1718 2312 etiam
1739 2243 1838 2310 brevi·

220 2327 359 2396 Polorum
380 2329 596 2393 firmamenti.
631 2331 783 2396 Habemus
804 2333 812 2394 i
834 2332 894 2397 itur
913 2330 1004 2395 etiam
1046 2346 1092 2393 ter
1112 2328 1347 2392 discurrendum.
1387 2410 1389 2413 Ι

221 2407 294 2472 duos
308 2408 395 2472 Polus
417 2408 645 2488 superterram,
667 2434 771 2495 nempe
781 2354 889 2477 dibon
900 2411 1005 2472 Polum
1090 2409 1203 2471 Primus
1224 2407 1315 2489 igitur
1335 2412 1419 2482 justa
1449 2407 1532 2493 supra
1553 2432 1629 2473 nans.
1654 2429 1721 2473 tar.
1743 2405 1834 2473 tradi·
1864 2421 1922 2485 131

222 2488 375 2552 Arilicum
398 2489 493 2554 versus
514 2493 770 2573 Septentrionem,
792 2495 840 2556 ubi
867 2487 1007 2568 conspici·
1048 2505 1114 2552 turn
1135 2488 1266 2554 ordinent
1287 2533 1297 2566 ,
1319 2491 1357 2555 est
1378 2495 1530 2567 Hariznn,
1561 2492 1614 2573 qui
1645 2490 1684 2555 eii
1713 2489 1840 2553 circulus

223 2586 271 2633 tur
293 2567 452 2652 perbeatus
471 2572 574 2653 globus
595 2572 697 2655 suptar
719 2576 751 2638 de
769 2573 878 2638 dieunt
900 2569 1004 2653 postam
1048 2572 1142 2645 major
1164 2569 1300 2654 spharam
1322 2615 1332 2649 ,
1363 2568 1410 2635 seu
1433 2572 1583 2635 Mundum
1605 2571 1634 2633 in
1656 2570 1716 2634 duo
1736 2569 1834 2632 hami·

221 2651 425 2716 Antarsiieum
457 2652 553 2716 versus
582 2652 743 2718 Matidiam
782 2677 818 2719 ex
851 2653 1005 2717 Diametro
1047 2650 1167 2715 sbteria
1186 2650 1233 2717 seu
1253 2649 1322 2715 duas
1340 2668 1437 2748 partes
1457 2674 1480 2716 a
1503 2650 1639 2728 ualea,s
1690 2649 1839 2727 riorem,

223 2732 389 2872 pppusrtum
412 2732 486 2816 polo
506 2732 628 2797 Arilica
652 2780 673 2809 „
697 2740 727 2799 bt
748 2736 887 2802 babemus
916 2734 1008 2797 etiam
1101 2732 1267 2798 inferiorem
1289 2733 1421 2797 dividens
1443 2777 1451 2795 .
1476 2673 1517 2797 {t
1538 2734 1577 2798 est
1597 2733 1726 2814 dapes,
1756 2729 1839 2795 senst-

258 2811 441 2892 iametrutn,
471 2816 523 2897 qui
545 2815 579 2877 ira
597 2814 808 2899 imaginatione
829 2813 1008 2899 pertrahitur
1048 2812 1116 2877 bilis
1137 2832 1203 2878 nem
1257 2858 1267 2890 ,
1297 2813 1331 2877 bt
1350 2815 1531 2879 rationalius
1563 2815 1699 2879 Hotizon
1732 2810 1847 2878 senfibil

224 2893 262 2957 ab
292 2913 351 2957 nno
372 2894 445 2959 Polo
476 2896 511 2958 ad
543 2895 664 2973 aliurn,
700 2899 731 2963 dr
762 2915 884 2963 uocatur
904 2898 978 2957 Asis
999 2916 1011 2956 .·
1054 2893 1108 2971 lis,
1130 2892 1175 2961 seu
1219 2895 1334 2979 hylicus
1352 2896 1391 2960 esl
1411 2896 1462 2959 ille
1482 2895 1625 2973 circulus,
1650 2914 1738 2977 quem
1759 2891 1846 2957 uuus

247 2974 360 3038 uamvis
388 2974 515 3058 rigorose
553 2977 700 3060 loquendo
721 2978 760 3039 ¹iu
791 2978 849 3041 lroc
878 2973 1014 3039 differant
1053 2973 1174 3059 quisque
1195 2974 1224 3040 in
1246 2978 1326 3043 nasia
1353 2976 1452 3059 aliqua
1481 2976 1634 3060 planitie,
1666 2973 1714 3040 val
1745 2973 1848 3040 medio

223 2994 399 3135 biameter,
416 3059 448 3123 bt
472 3057 577 3134 Axis,
609 3059 690 3142 quod
708 3079 812 3122 omnes
834 3062 916 3123 Aures
946 3055 1012 3121 sant
1054 3060 1130 3120 mari
1151 3056 1321 3124 constitutus
1349 3058 1415 3124 visu
1445 3057 1514 3122 ondi
1538 3081 1573 3124 ue
1602 3055 1777 3122 circumedo
1796 3054 1846 3120 de·

226 3134 393 3212 Diametri,
424 3137 496 3220 quia
516 3159 621 3205 omnes
637 3138 784 3204 transeunt
804 3158 854 3221 per
883 3139 1012 3201 medium
1053 3136 1140 3217 finit,
1162 3157 1256 3224 eoque
1276 3139 1372 3207 veluti
1394 3079 1712 3224 comniriuraqnadam
1723 3136 1850 3202 colam

224 3216 336 3283 orbis:
366 3216 494 3281 sednon
512 3239 616 3283 omnes
638 3219 784 3284 Diametri
814 3219 879 3282 sunt
901 3222 1012 3294 Ares,
1055 3241 1199 3286 unacum
1220 3239 1298 3287 tetta
1329 3223 1468 3305 conjungi
1497 3222 1642 3293 videtur;
1672 3220 1733 3296 Qui
1754 3217 1848 3281 Hori·

223 3300 294 3392 quia
314 3297 410 3362 solum
432 3299 476 3360 illi
499 3298 564 3364 sunt
584 3301 687 3379 Axes,
713 3300 794 3366 circa
811 3320 886 3384 quos
906 3299 940 3365 fit
961 3299 1013 3363 ali·
1056 3320 1113 3364 aon
1135 3303 1248 3367 tatione
1270 3302 1394 3368 trunonis
1423 3320 1505 3401 terra
1535 3325 1596 3401 non
1624 3299 1698 3398 solpt
1727 3297 1848 3395 extendi

68 3531 92 3559 s
146 3456 210 3529 ΜΒ.
223 3397 440 3540 φῖιωὶιοῐιηιὲι
457 3459 569 3524 Mundi
588 3465 628 3529 esi
648 3464 723 3531 resia
744 3465 821 3531 linea
839 3463 877 3531 ab
897 3484 961 3529 uno
978 3463 1016 3527 ad
1055 3382 1849 3563 piga’depuepnrginsslpmssctffiprp‘rarppptrqu

225 3536 348 3606 alterum
372 3541 479 3604 Polum
497 3544 646 3623 dedusla,
679 3547 1011 3629 circaquamomnino
1052 3547 1272 3623 eminentiori,
1304 3564 1355 3612 aut
1377 3548 1478 3611 tmiori
1502 3550 1587 3619 situ,
1617 3568 1692 3612 une
1722 3546 1772 3609 bic
1792 3544 1847 3607 cir·

225 3619 410 3691 immobilem
432 3625 504 3686 asira
523 3629 625 3691 omnia
653 3629 694 3692 ab
718 3646 791 3692 orto
819 3628 849 3692 iu
878 3624 1010 3691 occasum
1054 3627 1135 3691 culus
1155 3629 1289 3694 Horiaon
1310 3628 1453 3705 dicitur,
1481 3650 1500 3693 s
1529 3630 1620 3694 verbo
1640 3629 1745 3692 Graeco
1773 3622 1847 3689 bori-

200 3704 401 3785 'sapiunturr
421 3704 513 3788 sicque
532 3728 637 3773 omnes
656 3709 840 3773 Planetarum
861 3710 945 3773 orbes
965 3709 1015 3772 ba·
1051 3712 1144 3790 sumai
1163 3712 1283 3793 ,quod
1315 3710 1406 3776 iatine
1437 3710 1515 3775 idem
1545 3712 1583 3773 esl
1604 3730 1636 3772 ac
1651 3707 1755 3787 finio,
1788 3707 1847 3772 five

224 3783 293 3847 bent
316 3782 399 3850 suum
418 3807 535 3865 atem,
565 3787 644 3854 circa
676 3812 764 3875 quem
787 3787 910 3873 fingitur
930 3789 1013 3854 undl·
1056 3795 1171 3863 termino
1192 3836 1202 3868 ,
1223 3791 1294 3875 quia
1316 3814 1352 3858 eo
1375 3792 1521 3856 mediante
1542 3809 1610 3875 pars
1631 3790 1712 3858 Coeli
1735 3786 1849 3872 conspi-

224 3885 281 3949 (ιιι
301 3866 384 3933 volvi
404 3868 538 3950 quotidie
558 3871 664 3937 Coelos
680 3874 716 3935 ad
739 3873 824 3935 inliar
846 3888 918 3935 rotae
945 3892 1009 3935 cur·
1051 3893 1104 3936 cua
1126 3871 1256 3948 linitur,
1289 3872 1336 3936 seu
1356 3872 1558 3948 terminatur,
1589 3873 1620 3935 δι
1642 3875 1678 3936 ab
1700 3868 1845 3953 inconspi-

225 3967 273 4013 ιιι
293 3948 370 4010 circa
391 3946 472 4012 suum
494 3950 567 4031 ligni
590 3972 708 4026 axem,
735 3973 802 4016 cum
834 3970 933 4018 autem
964 3969 1008 4016 to·
1049 3974 1106 4016 cua
1123 3954 1331 4018 dirimuntur.
1363 3955 1442 4017 Hinc
1460 3975 1481 4017 a
1500 3952 1602 4017 multis
1622 3953 1755 4017 Horizon
1777 3971 1825 4035 ap
1854 3967 1919 4031 ¹32

225 4045 287 4092 tam
309 4029 419 4092 Mundi
442 4032 608 4096 machinam
630 4031 760 4097 suliinere
782 4032 945 4111 videatur,
977 4034 1014 4098 fic
1076 4034 1180 4099 ellatur
1210 4038 1414 4111 Tennr'nator,
1455 4038 1596 4110 finitor,
1626 4035 1666 4099 Θ·
1699 4036 1841 4097 finiens·

224 4111 261 4174 de
281 4130 316 4172 eo
338 4109 479 4178 Cesaram
501 4112 651 4197 alloquens
672 4114 778 4180 cecinit
798 4115 931 4183 Lucanus
960 4114 1012 4181 tib.
1055 4055 1228 4196 blattasque
1256 4115 1425 4196 senfibilic,
1465 4117 1535 4199 quia
1576 4115 1708 4198 protrahi
1744 4112 1848 4196 nequit

229 4211 260 4258 ι.
278 4194 353 4273 vers.
377 4199 424 4274 56.
1054 4198 1132 4262 uitta
1161 4197 1239 4277 quod
1262 4197 1411 4278 peruenire
1474 4199 1525 4262 tesi
1547 4197 1619 4264 v'ifio
1642 4197 1726 4262 unius
1747 4193 1846 4259 bomi-

1054 4279 1131 4345 nia.
1163 4279 1296 4341 Horiznn
1320 4279 1474 4343 rationale
1492 4323 1501 4356 ,
1535 4279 1592 4345 sive
1614 4276 1843 4362 intelligibilia,

224 4352 354 4417 AEtberis
373 4356 502 4433 immensi
514 4372 622 4438 patrem
641 4357 805 4443 fi'prefferis
824 4382 931 4440 unam,
1053 4376 1106 4423 aut
1130 4361 1359 4437 Allronomicus.
1371 4361 1410 4425 esl
1431 4360 1480 4423 iile
1500 4404 1509 4436 ,
1529 4360 1581 4442 qui
1603 4381 1654 4446 pet
1674 4378 1757 4426 terra
1778 4378 1842 4422 cen·

157 4451 162 4459 ‘
223 4439 328 4503 Sentiet
347 4441 418 4507 rsit,
430 4462 496 4508 autu
514 4437 613 4506 tiburi
627 4442 746 4526 pandera
763 4442 859 4509 eali.
1051 4460 1131 4505 trum
1153 4441 1288 4506 transiens
1311 4442 1428 4507 Coelum
1452 4442 1480 4504 in
1502 4441 1572 4506 duas
1592 4463 1614 4505 ae
1636 4442 1714 4508 tuales
1745 4458 1842 4523 partes

1055 4522 1161 4588 diuidit
1179 4566 1198 4601 „
1221 4522 1427 4609 terminatque.
1438 4523 1506 4594 dies.
1518 4543 1561 4591 ιι,
1575 4463 1673 4593 nobes
1702 4519 1842 4667 artlisrcia·

1756 4622 1808 4676 est.
