4084 5242
305 65 418 252 ,7e'
633 127 1508 239 mon1n1u5,une.rrr.
1597 79 1601 90 ’

246 264 320 323 nien.
343 272 391 330 30·
412 248 561 334 Septembri
586 255 714 331 165o·a
789 252 875 314 boote
897 249 1035 310 lnnocen·
1076 271 1095 306 u
1114 243 1488 327 vistrarinnehujusmodt‘se
1507 247 1617 309 omnine
1645 245 1867 326 abstineam...
1913 293 1920 302 ι

182 347 226 410 52
249 337 293 401 tio
310 334 352 395 x.
383 329 462 396 Era
483 330 599 396 fortiori
621 267 916 470 neqnepiibeleparm
945 326 1038 409 potest
1075 327 1172 402 Vtfiret
1192 345 1284 386 autem
1305 329 1429 407 superine
1453 329 1763 411 Regulaert‘se'nttriorem
1782 335 1869 398 Clau·

238 412 403 480 ¹clausuram
434 412 544 495 ingredi
573 413 633 475 sine
663 410 801 495 Episcopi
843 406 971 483 neemia,
1003 426 1035 471 ot
1073 409 1170 485 sunam
1207 428 1240 484 er
1254 409 1288 485 se
1308 409 1420 486 ipsum,
1442 431 1492 469 non
1511 431 1603 469 autem
1621 428 1673 492 per
1692 413 1782 476 einum
1800 458 1809 492 ‚
1830 435 1869 476 ee.

240 492 404 561 declaravit
433 498 520 557 Sacra
538 495 642 573 congr.
664 494 756 576 Epist.
776 491 806 552 8.
830 493 921 549 Murt.
951 490 1037 581 ¹⁶⁰5‘
1080 485 1164 561 ineufi
1176 425 1263 580 fierit
1283 488 1407 570 legitime
1427 489 1575 572 impeditus
1596 533 1605 564 ,
1630 516 1683 574 quo
1703 497 1768 576 cusu
1787 498 1871 573 dnffe.

244 577 322 674 apud
343 572 474 636 Gavaut.
501 576 534 634 in
555 574 684 634 Mnuer.
707 569 801 655 Epist·
820 567 898 630 verb.
917 569 1035 631 Mente·
1075 585 1155 629 tetur
1182 566 1308 643 Vrfiratr'o
1337 569 1367 630 t‘n
1396 570 1479 630 aliud
1506 587 1612 651 temptes
1642 597 1695 658 quo
1724 578 1870 655 ceffeverie

187 668 224 748 63
248 661 318 723 itum
338 654 462 734 eleusine
482 670 558 715 ntem
575 674 623 733 ep.
643 657 749 734 Neque
761 651 961 730 lnquifitorer,
984 649 1037 711 nist
1075 646 1327 729 impedimentum,
1359 649 1398 716 (J
1424 650 1613 727 i'rfitetienem
1644 657 1789 734 celeriter,
1826 661 1868 723 (ur

244 763 282 807 et
302 735 384 802 rause
404 736 431 798 S.
454 731 577 809 officii,
609 750 643 795 ut
663 731 819 800 declaravit
849 736 981 815 Congreg.
1004 734 1035 793 5.
1077 733 1159 791 unica
1177 729 1249 804 die,
1282 728 1378 792 debite
1397 749 1488 794 remen
1513 753 1580 795 ctum
1600 732 1747 819 diligentie
1774 739 1865 819 abside

246 820 344 900 officii
369 821 414 880 td.
437 815 567 878 Februer.
593 818 679 879 1⁶18.
702 814 778 897 apud
798 813 972 896 cajetanum
1002 808 1037 873 de
1077 829 1157 884 vet,
1188 834 1235 873 nee
1264 829 1328 872 ante
1355 828 1444 871 ortum
1473 815 1543 876 Solis
1562 837 1623 876 eum
1644 820 1781 900 incipiat,
1816 843 1866 885 nee

187 912 230 986 ⁶4
251 898 425 969 Alexandria
452 898 503 959 ine.
535 920 559 958 e.
578 920 626 979 qu.
652 920 680 976 3.
702 898 805 972 Neque
826 893 883 954 Ma
903 892 1038 965 illratue,
1075 890 1132 973 pud
1151 894 1275 970 occasum
1291 889 1455 972 protrabunt.
1468 939 1475 956 .
1487 937 1558 958 ....
1578 894 1707 970 i'ifiretin
1726 923 1788 961 vern
1803 919 1864 983 pen·

249 988 280 1048 δι
301 978 431 1062 deputari
460 977 495 1039 od
526 997 622 1040 caram
644 975 826 1040 Monialium
856 971 890 1035 de
927 990 960 1036 nr
995 972 1039 1032 in·
1073 973 1204 1053 senarum
1220 970 1277 1048 fiet
1296 970 1336 1030 nd
1354 991 1464 1049 maret,
1496 974 1536 1042 Θ
1555 981 1664 1041 ornnt‘rro
1682 999 1760 1040 extre
1780 986 1874 1043 Clau,

243 1062 327 1148 gredi
346 1080 413 1122 cum
434 1051 606 1141 Episcopo,
636 1059 690 1121 nisi
710 1077 759 1121 eor
778 1053 922 1134 elegerit.
952 1058 1036 1115 secra
1077 1052 1379 1131 surum'Menaderii,
1416 1054 1455 1117 (r
1473 1073 1522 1135 per
1540 1060 1685 1138 ipsummet
1704 1064 1867 1143 Superiorem

244 1151 349 1219 congr·
373 1142 399 1200 f
417 1141 496 1223 iscop.
518 1139 558 1202 (θ’
580 1140 681 1221 Regni.
701 1135 778 1220 apud
795 1134 926 1197 Gavant.
947 1135 996 1196 lor.
1010 1156 1034 1194 c.
1077 1134 1242 1206 dumtaxat,
1263 1133 1394 1214 utsupra
1414 1136 1521 1197 diiium
1540 1136 1577 1214 epi
1595 1138 1629 1198 de
1648 1140 1809 1215 b'nfitmione
1828 1147 1871 1204 in·

185 1233 227 1311 ,65
249 1251 277 1288 n.
302 1243 349 1304 3⁰·
373 1157 416 1281 ps
443 1243 478 1283 ne
497 1219 664 1300 permittere
695 1219 781 1282 duee
800 1212 960 1310 Episcopps
990 1213 1038 1275 de·
1080 1217 1186 1275 terioris
1205 1213 1368 1306 Claresure.
1399 1215 1445 1310 Sic
1466 1218 1586 1310 expresse
1615 1221 1713 1285 statuit
1735 1221 1866 1286 Alexan.

248 1303 345 1382 putori
376 1319 394 1362 e
443 1299 597 1364 ivitatibue
621 1300 756 1378 aliquos,
807 1317 836 1357 ur
863 1307 1040 1358 comrrentor
1081 1295 1130 1357 der
1152 1295 1225 1356 Vll.
1246 1291 1404 1368 Conslnur.
1425 1316 1511 1378 incip.
1541 1298 1626 1362 Felici
1640 1304 1782 1382 sumerum
1797 1306 1870 1377 ,Vir-

248 1385 421 1451 Viliretoree
442 1379 631 1443 Monieliom
655 1376 795 1462 Regulari
817 1396 856 1462 ne
877 1375 965 1438 etiam
997 1371 1043 1435 su·
1081 1382 1181 1456 ginum
1206 1372 1320 1451 fletui.
1350 1374 1396 1437 Ex
1416 1377 1519 1456 quibus
1547 1380 1625 1443 dibiae
1643 1383 1871 1446 constitutionis

249 1464 436 1543 bieiiernm,
489 1477 555 1523 tour
573 1459 700 1524 decrevit
732 1456 836 1520 Eadem
865 1460 950 1519 Sacra
968 1460 1042 1518 Con·
1084 1454 1180 1520 verbis
1209 1455 1284 1518 clare
1304 1471 1405 1538 paret,
1436 1477 1493 1519 non
1525 1461 1599 1538 polle
1627 1462 1787 1544 Superiores
1808 1465 1867 1526 Re·

251 1548 375 1628 gregario
395 1479 519 1626 Epibbp.
544 1557 605 1602 aee
617 1545 742 1622 Jantttr.
768 1539 855 1600 rbrb.
885 1536 960 1621 apud
980 1536 1043 1598 Ga·
1082 1535 1194 1679 peieret
1213 1532 1343 1631 delegare
1364 1537 1438 1600 alios
1466 1540 1502 1600 ad
1523 1541 1721 1606 Vifitario·eem
1743 1544 1865 1608 Mooia·

250 1643 334 1693 rant.
355 1624 405 1685 lec.
427 1628 475 1686 cir.
495 1643 571 1684 num.
594 1627 643 1684 de.
1096 1634 1181 1692 rum,
1213 1612 1258 1677 sed
1280 1614 1371 1697 ipsam
1391 1618 1470 1699 polle
1499 1619 1591 1683 solen
1614 1641 1740 1703 peregere
1767 1643 1817 1705 per
1838 1623 1866 1683 se

192 1712 232 1773 bb
294 1703 407 1769 Prolati
436 1723 538 1766 omnes
566 1700 709 1764 saculares
739 1694 908 1793 Episcopi,
943 1716 977 1761 ac
996 1713 1038 1760 et·
1081 1696 1178 1782 ipsoe.
1210 1696 1252 1760 Er
1279 1697 1357 1759 idem
1389 1699 1550 1764 addendum
1579 1702 1620 1765 eli
1648 1705 1685 1764 ad
1713 1704 1785 1764 ditia
1817 1701 1866 1765 sub

245 1786 312 1852 iam
343 1782 544 1847 Cardinalatue
568 1777 716 1863 dignitate
750 1779 860 1862 prediti
894 1794 1040 1852 nequeunt
1077 1779 1160 1843 verb.
1180 1777 1316 1839 Preietes
1328 1780 1476 1860 Reguiert's
1495 1805 1571 1843 num.
1596 1804 1645 1863 39.
1669 1782 1798 1845 Preietos
1807 1784 1860 1846 Re·
1880 1797 1921 1861 75

253 1865 365 1950 ingredi
396 1861 555 1932 clausuram
586 1861 768 1925 Monialium
801 1859 894 1924 eriam
929 1859 979 1922 sibi
1000 1855 1044 1921 su·
1083 1857 1217 1943 gularis,
1251 1857 1379 1922 siluerit
1399 1857 1571 1935 Generalis,
1641 1864 1693 1929 rell
1714 1860 1806 1927 secum
1826 1864 1869 1922 io·

245 1947 437 2032 bibinum,
469 1943 520 2006 nii
541 1944 571 2005 in
592 1941 701 2005 eafibuc
729 1940 913 2014 necessariis,
943 1940 975 2004 er
995 1958 1043 2002 co·
1082 1940 1231 2004 troducere
1259 1937 1330 2002 door
1361 1938 1452 2006 socios
1471 1941 1521 2020 {sui
1547 1945 1593 2005 Or
1614 1943 1695 2006 inis:
1725 1943 1756 2007 Si
1785 1940 1871 2005 suerit

244 2026 351 2124 mirari
374 2024 509 2166 apaocle
525 2044 544 2099 ,·
564 2019 655 2119 lisque
685 2017 866 2115 serrioribue,
887 2040 933 2082 ac
966 2017 1046 2114 Reli·
1085 2020 1158 2084 eiius
1195 2019 1412 2116 aGeoerali,
1448 2025 1538 2118 porell
1564 2024 1745 2120 introdpcere
1779 2021 1873 2091 secum

196 2197 235 2272 e,
253 2102 752 2265 ilif.⁹e‘zll÷t.³nl{.‘iirlt.
766 2100 1046 2246 libitinis?
1083 2119 1328 2258 {rilindi}
1355 2101 1717 2248 filiumdei
1740 2103 1874 2248 iili?

251 2268 401 2344 iecerint,
451 2265 600 2344 incurrunt
634 2263 823 2330 interdiiium
855 2262 893 2326 ob
927 2261 1048 2344 ingressu
1086 2267 1136 2328 der
1156 2263 1231 2326 Vll.
1254 2262 1283 2323 in
1303 2264 1358 2326 cir.
1377 2263 1534 2328 Constitue.
1555 2263 1642 2348 incip.
1662 2267 1771 2328 Felici.
1803 2267 1867 2326 Nec
1890 2258 1937 2339 76

254 2347 388 2414 Eccleiiae
417 2365 470 2431 pro
521 2345 595 2407 rima
624 2344 717 2421 rice,
770 2364 803 2406 ro
837 2341 956 2406 secunda
977 2362 1046 2406 vero
1088 2344 1146 2429 ipse
1167 2343 1331 2417 visitator,
1362 2363 1453 2427 neque
1473 2346 1532 2416 eine
1552 2342 1620 2408 socii
1640 2347 1749 2441 poliunt
1777 2342 1869 2405 some·

254 2428 430 2495 contrahunt
459 2363 664 2507 uberiorem
699 2446 718 2487 a
749 2365 911 2487 loorificali
926 2503 934 2518 .
948 2444 1046 2485 mone·
1087 2446 1117 2489 re
1147 2426 1223 2487 intra
1252 2423 1410 2488 cleosuram
1441 2423 1531 2488 ollam
1561 2423 1768 2487 reseiironem.
1800 2421 1869 2484 Ale·
1955 2423 1962 2472 l

256 2531 307 2585 re,
328 2507 360 2570 dr
379 2528 397 2570 a
418 2505 563 2582 Divinis,
593 2524 649 2601 pro
670 2506 756 2569 tertia
785 2521 882 2568 autem
904 2524 995 2578 vrce,
1017 2524 1051 2566 oc
1091 2505 1198 2568 rander
1218 2505 1294 2568 Vll.
1329 2502 1455 2568 ibidem.
1486 2503 1516 2567 Si
1545 2504 1585 2567 ob
1611 2503 1790 2575 clausuram,
1821 2517 1871 2564 aut
1892 2515 1936 2578 77

256 2590 388 2671 deinceps
410 2586 725 2650 Excommumootione
755 2585 863 2660 maiori
884 2581 945 2667 ipso
975 2582 1051 2646 rado
1091 2586 1180 2649 aliam
1200 2603 1372 2667 urgentem,
1403 2585 1435 2649 dr
1455 2583 1634 2648 necellariem
1655 2583 1766 2647 cardam
1788 2602 1873 2664 opor·

258 2667 424 2735 efficiuntur
443 2688 454 2737 3
481 2668 528 2729 Sic
547 2667 680 2754 ¹etprelse
710 2664 873 2745 Gregorius
905 2665 996 2728 lllll.
1017 2664 1049 2726 in
1090 2668 1179 2732 tuerit
1198 2665 1379 2749 Superiorem
1402 2665 1573 2747 Regularetn
1595 2665 1696 2730 eodem
1716 2684 1792 2729 anno
1807 2662 1872 2804 plu·

198 2755 239 2819 68
255 2751 287 2813 d.
308 2746 580 2826 confirm-reim,
598 2745 702 2809 Dubiis
723 2768 733 2820 3
752 2746 836 2810 Unde
856 2765 918 2809 non
936 2744 1049 2828 possunt
1087 2747 1144 2812 riet
1165 2747 1269 2827 ingredi
1294 2746 1372 2812 senta
1393 2746 1587 2821 Monallerii,
1619 2763 1687 2808 tunc
1708 2765 1806 2808 nona

259 2828 398 2914 Episcopi
418 2826 513 2891 secum
533 2828 635 2893 docere
654 2826 685 2890 in
706 2823 865 2890 clausuram
886 2823 962 2889 ullor
983 2825 1050 2886 Lai·
1092 2827 1202 2908 ingredi
1223 2847 1249 2909 pt
1283 2845 1299 2874 ⁶
1325 2874 1334 2901 ,
1364 2848 1453 2909 qnam
1472 2847 1540 2890 cum
1570 2825 1717 2909 presentie
1740 2822 1876 2904 Episcopi

257 2931 307 2976 cot
327 2927 479 2992 tamquam
498 2909 648 2984 comites,
680 2906 712 2971 dr
731 2905 844 2970 socioer
866 2905 945 2969 Vide
967 2904 1047 2967 verb.
1091 2904 1275 2982 Dioecesani,
1308 2908 1355 2974 vel
1386 2908 1504 2974 alteriue
1534 2908 1658 2988 persono
1679 2904 1877 2970 Ecclefiessicae

197 3000 239 3076 ⁶9
260 2994 411 3075 Episcopus
430 3007 484 3053 nrt.
508 2995 683 3066 unnenep.
706 2986 887 3058 Abducitur,
908 2986 940 3047 dt
962 2982 1047 3047 solui·
1090 2986 1245 3063 saecularis,
1266 2990 1335 3052 boni
1356 2988 1513 3067 exempli,
1534 3005 1708 3051 armatura
1728 2988 1820 3050 aratio
1839 2986 1877 3049 ab

149 3099 153 3106 ·
197 3098 238 3158 70
259 3090 306 3137 rur
326 3072 480 3135 instantia.
502 3069 580 3133 Vide
599 3068 640 3130 ib.
663 3092 693 3130 n.
718 3087 786 3129 roo.
811 3068 934 3144 Propter
953 3062 1046 3128 neces·
1088 3067 1150 3132 ‘so
1181 3067 1329 3153 Episcopo
1358 3070 1396 3132 ad
1424 3069 1480 3132 hoc
1514 3067 1674 3147 specialiter
1703 3068 1738 3131 de
1758 3084 1876 3131 urata:

257 3154 370 3219 finenem
392 3169 517 3224 temen,
546 3149 579 3212 ἃ
608 3147 644 3211 ed
695 3146 902 3243 removerim
935 3144 1046 3209 utilita-
1089 3089 1137 3214 lia
1157 3153 1280 3230 expresse
1302 3149 1468 3215 Alexander
1488 3151 1562 3213 vll.
1583 3150 1717 3212 iria-n.
1739 3088 1769 3211 ii
1790 3150 1874 3230 Supe-
1897 3140 1939 3224 78

257 3252 318 3300 rem
340 3229 513 3295 Monaderii
534 3230 648 3311 poliunt
705 3225 815 3310 piscor
849 3224 944 3291 secum
964 3226 1047 3291 doce·
1090 3230 1150 3294 rior
1179 3230 1331 3312 Regularie
1361 3226 1524 3312 supradit‘lir
1551 3228 1783 3304 contrafecerit,
1814 3225 1877 3310 ipso

259 3335 290 3378 re
309 3312 422 3394 aliquot
443 3310 550 3393 petitor
579 3307 708 3371 laicos:
738 3247 814 3373 viie
846 3306 953 3371 ibidem
973 3330 1050 3371 nunt.
1076 3311 1167 3374 'fabio
1198 3331 1315 3393 poenam
1337 3309 1686 3385 Etcommnnicationir‚
1717 3310 1748 3372 dt
1781 3309 1878 3391 priva·

198 3417 233 3477 7¹
262 3413 333 3459 eor.
377 3390 447 3454 Non
483 3388 596 3470 poliunt
634 3404 731 3453 temen
773 3386 912 3473 Episcopi
955 3386 1049 3452 secum
1090 3392 1180 3456 rionis
1208 3393 1345 3454 omnium
1364 3388 1563 3465 Officiomm,
1593 3412 1657 3473 qna
1676 3390 1813 3465 obtinet,
1845 3407 1879 3451 ac

261 3474 362 3540 ducere
384 3470 413 3530 in
436 3466 594 3552 clausuram
626 3467 775 3550 plusquam
804 3468 872 3538 odio
893 3467 1046 3548 melotus,
1089 3489 1232 3557 perpetem
1253 3470 1448 3541 inuehisieetie
1469 3472 1504 3533 ad
1524 3472 1577 3535 illa
1596 3517 1605 3547 ,
1627 3473 1674 3535 uel
1695 3470 1753 3534 alia
1773 3470 1803 3533 in
1825 3489 1879 3552 po·

257 3551 330 3616 aliae
350 3550 496 3612 incurrunt
518 3548 662 3631 pradibias
682 3547 821 3614 Censurat
844 3593 852 3612 .
876 3548 953 3612 Vide
974 3547 1046 3612 ibid.
1086 3556 1190 3617 eierum
1212 3552 1398 3628 obtinenda,
1429 3550 1565 3634 vocisque
1585 3551 1707 3627 aeine,
1738 3551 1769 3615 dt
1799 3548 1878 3633 peffi-

199 3655 334 3719 pentem·
361 3648 427 3694 roe.
458 3628 498 3693 (9·
522 3632 549 3709 s
575 3671 585 3691 .
608 3627 764 3693 Absolorio
793 3646 892 3694 remen
922 3628 960 3692 ab
989 3630 1048 3694 illie
1086 3634 1128 3696 bae
1148 3631 1252 3713 absque
1280 3633 1340 3694 alia
1358 3631 1553 3697 declaratione
1573 3633 1733 3696 incurrat:
1764 3631 1806 3694 Er
1832 3630 1878 3692 ni·

255 3710 394 3777 censurio
414 3730 471 3774 non
490 3652 635 3795 ellim:
656 3707 821 3776 reservata.
842 3710 919 3776 Vide
939 3708 1046 3776 ibidrru
1087 3713 1249 3778 bilominus
1270 3711 1357 3777 nollit
1377 3712 1564 3795 Privilegiio,
1595 3714 1626 3776 dr
1645 3711 1880 3796 exemptionibus

1819 2744 1875 2806 iter

258 3815 336 3857 eum.
361 3812 426 3872 ¹05·
513 3827 520 3836 ·
1089 3794 1163 3868 tueri
1196 3791 1223 3857 se
1253 3792 1338 3876 possut
1369 3794 1528 3874 quomiuut
1558 3794 1595 3857 ab
1616 3792 1722 3875 Episco
1794 3792 1879 3867 loci„

201 3898 237 3957 73
301 3870 414 3937 Praelari
437 3870 593 3955 Regularee
622 3869 811 3954 ingredientes
842 3887 927 3936 extre
954 3868 1048 3935 neces·
1088 3893 1239 3970 tamqnam
1269 3873 1306 3937 ad
1336 3874 1392 3937 hoc
1413 3873 1493 3937 Sedit
1513 3873 1687 3954 Apostolice
1756 3873 1879 3949 legato,

260 3953 375 4016 iiratem
406 3952 588 4017 Monalleria
616 3951 797 4016 Monialium
832 3954 883 4017 libi
914 3951 1048 4026 subieila·
1091 3973 1235 4037 quotret,
1265 3955 1433 4036 &quando
1452 3974 1526 4036 opus
1545 3954 1663 4030 fuerit,
1692 3954 1818 4034 corrigi,
1848 3952 1881 4020 bt

257 4053 323 4097 tum
355 4031 482 4113 ligantur
511 4032 586 4095 dista
615 4033 927 4098 Errommunicarioue
955 4036 1048 4107 majo-
1085 4037 1186 4119 puuiri
1208 4034 1326 4104 valeat.
1356 4035 1403 4099 Sic
1424 4034 1535 4120 precise
1557 4035 1725 4102 Alexander
1745 4035 1820 4098 Vll.
1848 4032 1881 4093 iu

257 4115 303 4188 ri,
324 4113 355 4175 dr
378 4113 532 4194 privantur
552 4114 688 4176 omnibus
707 4111 838 4188 officiis,
861 4114 893 4176 bt
915 4114 1048 4209 Digniro·
1086 4117 1142 4180 rit.
1161 4116 1290 4179 Conslir.
1309 4116 1401 4198 incip.
1424 4118 1533 4179 Felici.

259 4193 361 4257 tibur.
384 4193 543 4274 Gregorius
562 4193 653 4256 lllllt
675 4191 706 4254 in
728 4193 757 4256 d.
776 4195 935 4262 Conslirut.
956 4195 1045 4275 mcip.
1126 4193 1298 4259 Conselsarii
1338 4198 1518 4279 quomodo,
1558 4197 1589 4261 dt
1626 4196 1741 4280 quando
1772 4192 1878 4277 pollini
1900 4212 1943 4272 79

199 4295 245 4356 74
262 4272 388 4342 Dubiis.
420 4273 486 4337 Nec
554 4272 626 4336 ssunr
649 4272 761 4337 Pralari
783 4272 938 4354 Regularer
970 4275 1047 4336 ordi·
1089 4275 1200 4356 ingredi
1221 4275 1400 4340 clausuram?
1422 4277 1499 4343 Vide
1519 4276 1592 4341 infra
1611 4296 1665 4342 art.
1690 4300 1718 4355 ς.
1738 4302 1758 4339 e
1777 4302 1806 4339 n.
1830 4295 1878 4354 50.

260 4353 339 4417 narie
360 4351 469 4433 ingredi
551 4354 669 4416 nasleria
687 4351 900 4418 Monielium:
932 4352 999 4429 Niss
1015 4375 1049 4416 ee
1132 4357 1276 4433 Medici,
1304 4358 1336 4420 bt
1355 4358 1493 4440 Chirurgi
1512 4356 1627 4439 quando
1646 4403 1655 4432 ‚
1676 4360 1707 4421 dr
1727 4354 1877 4439 quomodo
1899 4353 1940 4414 80

259 4435 343 4513 reuse
360 4432 531 4509 Vrsttetiottt'e
549 4435 672 4509 incelis,
704 4434 744 4498 (t
764 4431 814 4496 bec
827 4433 916 4515 semel
943 4452 1052 4496 tentum
1093 4437 1203 4517 ingredi
1234 4436 1340 4520 podinr
1368 4437 1527 4505 clausuram
1558 4438 1773 4505 Monieiiumi
1805 4434 1882 4501 Vide

260 4517 292 4577 in
313 4537 411 4589 enno,
442 4519 536 4578 itaut
556 4518 752 4593 iuream,
787 4518 818 4580 t'n
844 4539 899 4597 que
929 4538 1053 4579 unuserr
1094 4519 1174 4585 verb.
1196 4517 1412 4584 Medieueen.
1441 4520 1618 4602 13.ed18.

258 4597 415 4667 umeris
433 4593 622 4682 Suptrr'uribut
640 4593 775 4686 epirum
795 4638 806 4676 ,
836 4596 910 4668 ulitur
928 4598 1053 4682 Superior
1133 4597 1290 4680 faeere,
1308 4600 1445 4683 Syndici,
1474 4600 1584 4682 aliique
1602 4601 1727 4686 operarii
1749 4599 1784 4664 ed
1800 4596 1880 4692 ‘Mn
1900 4590 1940 4660 81

1776 4699 1840 4750 pre·
