4084 5242
444 154 671 257 MissAE
705 102 1211 273 SACRIFIClUM,
1250 168 1389 250 Ans.
1431 144 1498 251 ll..
1552 113 1629 259 ‘J
1664 194 1721 275 29

145 286 363 370 ,subeundm
397 283 641 350 &nihilominus
670 303 705 346 eo
726 283 814 355 etiarn
846 281 937 360 casu,
1021 328 1042 359 „
1063 283 1092 359 §.
1118 280 1264 357 cescum
1286 296 1383 343 autem
1408 276 1489 361 super
1508 278 1655 361 premissis
1675 280 1778 347 diuersi

145 368 348 451 „curandum
371 367 443 441 esse,
464 384 499 431 ut
518 389 555 429 ex
575 363 731 448 pecuniis,
761 386 823 447 quae
846 363 937 506 super·
980 361 1187 447 „irrepserint
1217 358 1348 436 abusus,
1380 360 1556 499 illorumpue
1598 365 1780 439 occasione,

146 498 168 532 „
192 452 283 525 sunt,
315 449 444 531 expensis
457 445 605 529 utsupra·
632 444 783 521 deduciis,
813 444 879 509 abso
894 464 944 510 ute
980 494 1001 528 „
1023 443 1208 526 quamplures
1227 440 1348 525 querela
1369 443 1400 504 sii
1421 460 1546 505 recurus
1566 440 1603 502 ad
1624 447 1776 526 Apostoli.

148 580 170 614 „
192 550 239 597 tot
261 526 357 592 Milia
377 530 576 603 celebrentur,
597 544 670 609 quot
693 525 861 613 prescripta
880 526 940 592 sue·
979 575 1002 608 „
1021 546 1085 587 cam
1108 525 1210 589 Sedern
1233 523 1436 607 pervenerint,
1457 522 1574 664 cupiens
1585 522 1683 587 eadem
1694 533 1775 589 Con·

78 630 83 637 ’
146 660 167 695 ,,
190 615 252 677 ιὶηι
270 611 309 674 ab
327 608 512 674 offerentibus
523 604 754 687 eleemosynam.
983 656 1003 686 ‚r
1026 606 1158 687 gregario
1177 603 1377 669 Cardinalium
1400 602 1493 668 Conci
1507 602 1527 664 ii
1548 602 1713 667 Tridentini
1724 608 1776 668 ln.

188 739 209 771 „
232 692 282 756 Ad
303 691 459 763 osiacum,
481 689 665 753 nonhabere
686 687 781 754 locum
802 735 811 765 ,
833 690 878 753 sed
900 687 941 752 sa·
982 736 1008 771 ‚,
1027 704 1188 768 terpretum
1220 683 1391 761 hujusmodi·
1414 682 1597 750 detestabiles
1620 684 1721 748 abusus
1759 708 1777 749 e

148 821 167 856 „
189 776 228 841 tis
261 770 343 847 esse,
375 789 408 834 ut
438 770 544 835 Reilor
576 766 740 845 Beneficii,
775 770 826 852 qui
890 770 940 833 tesi
981 767 1190 851 „Christiana
1219 765 1379 849 Republica
1398 784 1459 848 pro
1485 766 1599 832 viribus
1623 764 1773 841 evellere,

147 855 313 938 „Missam
336 871 387 933 per
408 851 498 914 alium
519 848 689 925 celebrare,
716 850 828 915 tribuat
865 864 939 913 acer·
982 898 1002 932 ‚,
1025 870 1058 910 ac
1079 865 1243 929 opportune
1284 846 1442 920 rouidere,
1476 864 1509 908 ut
1532 844 1650 909 sublatis
1670 843 1774 908 fraudi·

146 984 168 1019 ,‚
192 936 256 1000 doti
285 932 440 996 celebranti
462 928 676 1009 eleemosynam
706 948 863 1013 congruam
900 929 938 995 se·
979 976 1000 1012 „
1024 930 1093 1003 bus,
1115 949 1149 991 ac
1170 866 1322 989 emendata
1343 924 1774 1011 negligentia,piaedisponen-

148 1015 318 1100 „cundum
353 1033 465 1075 morem
486 1008 656 1084 Civitatis,
680 1010 937 1085 velurovincia,
979 1060 1001 1092 „
1023 1010 1098 1072 tium
1122 1053 1133 1083 ,
1155 1005 1200 1071 seu
1221 1006 1432 1071 benis-iorum
1454 1006 1607 1071 voluntari
1625 1006 1694 1073 fides
1716 1009 1774 1070 illi·

147 1146 169 1179 „
191 1097 243 1160 nist
265 1090 481 1157 infunditione
503 1091 588 1174 ipfius
609 1088 746 1156 Beneficii
765 1093 849 1158 aliud.
871 1110 943 1155 cau·
978 1091 1095 1172 „bata
1114 1090 1268 1164 servetur,
1301 1088 1496 1153 ueruntionrnr
1518 1090 1670 1152 animabus
1701 1090 1776 1156 inte·

149 1174 389 1260 ,,ιιιιιὶ1ἰιιιῐτμ
755 1190 768 1209 ·
809 1192 813 1199 ·
903 1188 907 1194 ’
978 1219 1001 1252 „
1024 1191 1102 1252 gra,
1133 1172 1164 1234 ἀ
1206 1167 1609 1253 romptapraeslentursussra
1631 1171 1688 1244 ia,
1724 1170 1775 1233 iti·

188 1304 215 1339 ‚,.
232 1242 472 1325 briderium,
587 1251 767 1320 eabsolute·
794 1255 939 1337 integram
978 1254 1144 1347 „demque
1194 1272 1230 1315 eu
1253 1253 1346 1326 major
1366 1250 1475 1332 gloria,
1496 1249 1529 1311 tr
1547 1193 1684 1316 Eccifiis
1704 1268 1775 1334 pra·

148 1386 169 1419 „
192 1334 406 1417 eleemosynam
431 1333 468 1419 ις’
492 1355 562 1399 uere
587 1322 639 1397 Sue
672 1334 732 1398 dori
754 1335 937 1413 celebranti,
980 1381 1003 1414 „
1023 1335 1143 1396 llantror
1163 1331 1257 1396 cultus
1279 1330 1444 1405 reddatur,
1470 1329 1582 1412 praevia
1598 1332 1773 1396 auslnritate

147 1415 352 1498 „nacoliam
375 1414 454 1479 illios
475 1433 586 1498 partem
620 1416 668 1477 srbr
690 1418 810 1481 retinere
831 1417 906 1500 posse
928 1461 941 1480 .
980 1461 1000 1493 „
1024 1434 1074 1498 pet
1095 1413 1143 1476 SS.
1168 1413 1269 1491 D.N.
1294 1411 1498 1475 Innocentium
1530 1412 1644 1476 Divina
1668 1413 1800 1478 Provi·‘

186 1543 207 1575 „
229 1497 278 1561 Ad
300 1496 506 1573 undecimum,
529 1493 702 1578 respoudit,
726 1519 783 1560 non
804 1499 938 1580 ptoblbe·
979 1541 1002 1575 „
1023 1495 1124 1557 dentia
1139 1494 1197 1556 ΡΙ).
1218 1495 1291 1557 XII.
1311 1495 1339 1571 ei
1362 1492 1523 1577 specialiter
1543 1494 1702 1569 attributa,
1727 1494 1770 1555 in-

145 1624 169 1658 „
191 1601 220 1642 te
242 1576 402 1641 absolute:
435 1578 483 1640 Ac
535 1595 691 1660 tumeret,
722 1579 777 1640 etsr
801 1580 942 1643 oneribus
975 1574 1168 1656 „Nsrascripta
1191 1573 1332 1657 Decreta,
1353 1575 1433 1657 prius
1455 1573 1485 1635 irt
1509 1574 1676 1656 particulari
1697 1595 1775 1639 non·

145 1704 172 1738 „
189 1663 250 1737 jam
272 1658 407 1743 susceptis
427 1678 486 1721 non
506 1596 714 1731 satisfecerint,
738 1659 813 1739 posse
836 1679 934 1725 tamen
976 1703 998 1737 „
1021 1656 1167 1732 nullorum
1190 1678 1223 1716 err
1247 1654 1371 1737 praesatis
1391 1654 1598 1718 cardinalibus
1629 1675 1679 1753 per
1701 1657 1772 1720 San·

144 1786 166 1820 ‚,
188 1762 267 1805 nova
287 1742 377 1806 etiam
407 1754 495 1802 onera
514 1735 657 1822 suscipere
681 1738 835 1803 Missurum
865 1743 935 1806 cele·
978 1784 1001 1817 „
1021 1739 1153 1801 sliratem
1177 1736 1253 1798 suam
1276 1738 1310 1800 de
1334 1756 1441 1810 urata,
1463 1736 1494 1798 ἃ
1516 1736 1613 1820 pollea
1632 1756 1661 1798 tn
1682 1759 1770 1817 gene·

125 1846 168 1901 ·„
190 1820 388 1896 brandarnnr,
408 1818 577 1884 'dummodo
598 1817 672 1882 insra
693 1823 842 1885 modicum
863 1841 938 1888 tem·
977 1866 998 1899 „
1021 1816 1272 1909 ralillrujusnrodi
1300 1757 1502 1882 dardinaiium
1531 1817 1774 1898 Congregatione

146 1947 171 1980 „
189 1922 244 1985 pus
304 1900 370 1965 slinr
390 1900 532 1965 omnibus
548 1899 732 1966 satisfacere..
977 1946 1004 1977 „
1023 1917 1151 1975 mature,
1174 1901 1206 1964 δι
1225 1920 1355 1964 accurate
1374 1897 1514 1975 discussa,
1537 1896 1686 1978 recognita
1706 1944 1715 1975 ,
1735 1899 1773 1962 te

233 1923 525 2063 adunandorum,
547 1981 684 2064 quamvis
703 2004 791 2048 onera
811 1982 943 2068 suscepta
979 1982 1192 2061 „examinata
1212 1980 1329 2044 edidit.
1547 1984 1551 1997 “

124 2088 171 2143 ·„.
188 2062 264 2125 infra
283 2063 429 2126 modicum
452 2080 510 2127 tem
535 2083 569 2124 us
587 2060 739 2145 adimpleri
761 2085 903 2147 nequeant
926 2111 943 2144 ,
1018 2108 1039 2139 „
1060 2064 1091 2140 §.
1115 2084 1161 2139 24.
1186 2060 1360 2142 Inprimis,
1384 2058 1544 2142 prainserta
1556 2059 1679 2124 Decreta
1699 2080 1768 2123 cunr

143 2146 209 2223 „fi
230 2160 332 2207 tamen
349 2143 475 2207 tribuens
496 2082 707 2227 eieemosynam
730 2166 784 2230 pro
814 2147 940 2211 aliarum.
977 2188 997 2221 „
1020 2142 1167 2223 ptarmislis
1187 2141 1312 2206 illotbm‘
1327 2141 1567 2207 declarationibus
1588 2140 1772 2223 plenisfime,

125 2223 342 2305 'rr-Miliarem
364 2222 556 2288 celebratione
587 2222 620 2287 id
637 2222 734 2301 sciat,
770 2227 803 2291 bt
821 2226 937 2292 consen·
978 2269 999 2304 „
1020 2227 1053 2289 bt
1074 2223 1246 2309 amplissime
1266 2221 1619 2308 approbat,confirnrat,
1640 2220 1766 2286 &inno-

125 2340 166 2383 ·„
187 2306 262 2381 tiat,
285 2322 317 2368 nt
340 2302 396 2367 illa
417 2304 486 2368 aduc
505 2306 570 2370 dem
625 2304 846 2395 celebrentur,
869 2329 942 2372 cum
978 2350 999 2383 „
1021 2323 1102 2379 vat,
1124 2304 1204 2368 omni
1247 2326 1308 2382 ue,
1340 2303 1372 2367 δι
1392 2302 1500 2388 fingula
1520 2303 1630 2366 ibidem
1648 2321 1768 2367 conten·

124 2408 164 2463 ·„
186 2383 320 2469 susceptis
340 2386 474 2450 one'ribus
496 2384 591 2450 sarissa
621 2406 674 2448 um
691 2386 778 2452 suerit
801 2433 811 2465 ,
843 2388 936 2455 decre·
977 2429 1001 2463 ‚,
1019 2404 1068 2462 ta,
1090 2388 1121 2450 bt
1141 2407 1227 2471 cupre
1248 2407 1284 2460 a,
1308 2386 1412 2467 iterum
1434 2385 1520 2449 omni
1539 2384 1654 2450 meliori
1676 2385 1769 2449 modo

142 2510 169 2545 „.
186 2484 251 2530 tunt
272 2487 331 2531 nun
353 2466 522 2550 prohibere,
543 2486 603 2548 quo
624 2467 720 2531 minus
738 2491 773 2532 eo
791 2470 940 2536 casuelee-
975 2511 998 2543 ‚‚
1020 2466 1168 2543 decemit,
1186 2467 1306 2543 slatuit,
1329 2470 1361 2530 a‘c
1383 2468 1422 2530 ab
1438 2465 1602 2541 omnibusi
1622 2465 1654 2528 tr
1675 2466 1767 2608 liupu-

143 2591 166 2626 ‚,
189 2547 312 2631 mosyna
331 2546 490 2631 accipiatur
522 2568 575 2631 pto
605 2547 704 2610 iisdem
727 2548 823 2615 Missrs
853 2554 940 2624 jutta
975 2592 997 2623 „
1020 2549 1056 2612 lis
1074 2548 1162 2611 eriam
1185 2547 1298 2631 speciali
1318 2594 1328 2626 ,
1350 2549 1380 2613 ἃ
1402 2547 1573 2613 individuali
1594 2564 1697 2622 nota,
1730 2566 1778 2630 eu¹

145 2670 172 2704 „
190 2626 385 2692 Benesaiioris
401 2626 567 2691 consensum
589 2629 785 2694 celebrandis.
948 2642 951 2655 ¹
976 2671 999 2703 „
1018 2628 1193 2710 expressione
1224 2627 1347 2708 dignis,
1383 2628 1498 2708 penitus
1526 2627 1669 2692 observari
1686 2630 1708 2701 ,'
1734 2629 1767 2690 ic

180 2734 209 2782 3,
232 2710 279 2771 Arl
311 2708 455 2771 decimum
484 2708 602 2770 tertium
623 2753 639 2783 ,.
669 2707 720 2769 has
741 2728 841 2790 poenas
874 2732 933 2773 non
974 2750 995 2783 ,‚
1018 2710 1197 2771 omnimoda
1225 2709 1391 2773 executioni
1418 2707 1584 2785 demandari
1605 2705 1733 2771 decernit
1752 2749 1769 2784 ,

127 2818 172 2863 ·„
188 2788 295 2852 habete
314 2788 433 2863 locum,
452 2785 504 2849 nisr
525 2784 563 2848 in'
577 2785 747 2871 suscepturis
764 2807 852 2854 onera
872 2808 933 2872 pet·
974 2831 1001 2866 „‚
1019 2786 1128 2863 sancit,
1149 2789 1179 2851 δι
1201 2786 1354 2871 precipit.
1440 2808 1452 2825 ²
1476 2854 1478 2859 ,

143 2906 171 2942 ,,
225 2885 280 2931 tua
298 2867 449 2930 Missurum
470 2867 702 2930 celebrandarum
734 2868 789 2931 srne
817 2870 936 2934 licentia
1016 2913 1039 2945 „
1059 2870 1089 2945 §.
1116 2890 1162 2942 25.
1187 2867 1329 2950 lnsupet,
1351 2868 1398 2930 uti·
1418 2867 1447 2931 iu
1470 2890 1500 2933 te
1521 2868 1596 2932 tanti
1619 2866 1767 2932 momenti

128 2966 164 3020 ⁶„
186 2886 358 3032 giscopi,
387 2945 434 3009 vel
464 2950 524 3021 ejus
544 2946 694 3011 Generalis
714 2948 826 3013 Vicarii
846 2995 861 3029 ‚,
883 2944 956 3014 aut!
974 2990 996 3024 „
1017 2945 1192 3021 consultius,
1215 2967 1248 3009 ac
1271 2945 1408 3021 majori,
1431 2964 1464 3010 ut
1485 2969 1538 3045 par
1559 2950 1619 3024 esl,
1642 2947 1765 3012 circum·

142 3067 167 3102 rr
186 3026 357 3101 Generalis,
377 3024 424 3089 vel
446 3026 663 3092 Prouincialis.
944 3040 949 3051 ‘
962 3069 996 3109 J,
1019 3027 1162 3111 spesliune
1181 3020 1370 3110 procedatur:
1391 3026 1424 3089 Si
1443 3048 1494 3110 qut
1516 3028 1607 3101 sorsan
1631 3025 1768 3104 suerint,

148 3133 155 3143 ·
183 3153 205 3185 „
229 3108 280 3171 Ad
299 3105 444 3170 decimum
464 3126 604 3188 quartum
622 3106 852 3191 comprehendi.
973 3149 996 3183 „
1017 3106 1065 3181 vel
1087 3107 1161 3184 fint,
1180 3107 1235 3185 qui
1253 3107 1312 3171 suis
1327 3108 1425 3206 pravis
1442 3153 1451 3182 ,
1473 3112 1504 3172 te
1524 3109 1649 3174 erroneis
1671 3110 1765 3172 inten-

181 3188 278 3265 „Ad
298 3187 444 3250 decimum
466 3187 622 3267 quintum,
644 3210 705 3253 non·
724 3190 816 3272 polle,
839 3189 939 3267 nilide
973 3230 997 3264 ‚,
1017 3188 1164 3264 tionibus,
1187 3187 1232 3252 seu
1254 3188 1441 3272 opinronibus
1461 3189 1587 3263 blandiri
1605 3189 1766 3263 volentes,

143 3311 162 3342 „
184 3265 320 3341 consensu
340 3288 462 3342 eorum,
484 3254 538 3349 qui
558 3268 753 3354 eleemosynas
773 3271 933 3348 tribuunt,
973 3308 998 3345 „
1018 3270 1172 3333 Missamm
1194 3268 1415 3335 celebrationem
1437 3272 1580 3335 omittant
1600 3269 1655 3332 sub
1681 3268 1766 3332 mali·
1797 3338 1804 3347 ,

143 3392 166 3425 ‚,
185 3367 219 3414 ιιι
240 3349 324 3493 srpra
343 3349 377 3410 in
396 3347 574 3432 responfione
594 3353 630 3414 ad
651 3351 874 3416 duodecimum.
899 3349 920 3363 “
965 3392 994 3425 „,
1017 3351 1112 3427 riosa,
1133 3350 1180 3417 vel
1200 3349 1394 3429 irrationabili
1417 3347 1486 3446 spe,
1509 3351 1673 3416 earumdem
1694 3372 1764 3414 con·

184 3430 257 3506 „A
297 3428 448 3501 decimum
465 3428 596 3510 sextum,
618 3428 823 3515 comprehendi
844 3432 937 3498 etiam
973 3473 995 3507 ‚,
1016 3430 1204 3496 donationem
1225 3432 1306 3508 ,lrel
1327 3431 1520 3496 reduslronem
1551 3433 1658 3495 aSede
1681 3432 1763 3512 Apo

144 3553 166 3586 „
188 3510 322 3594 privatos
336 3510 526 3576 Saceruores.
974 3553 996 3587 ‚,
1017 3513 1134 3587 ilolica,
1155 3512 1203 3577 uel
1223 3511 1465 3595 compofitionem
1483 3535 1504 3576 a
1523 3510 1691 3578 Reverenda
1709 3513 1762 3574 Fa·

185 3592 277 3667 „Ad
296 3592 439 3656 decimum
462 3592 637 3672 septimum,
659 3593 770 3659 numeri
792 3592 932 3678 pralisio·
971 3635 995 3669 ‚,
1015 3593 1095 3656 brica
1115 3592 1210 3657 Sandli
1234 3593 1313 3658 Petri
1333 3593 1367 3656 de
1388 3593 1470 3657 Urbe
1486 3593 1663 3667 obtinendis
1683 3592 1764 3656 Con·

144 3692 255 3750 „nem
281 3673 332 3738 esse
352 3674 456 3740 iterum
478 3672 663 3749 satiendam,
695 3673 807 3741 servata
839 3674 936 3740 sorma
972 3714 993 3751 „
1015 3673 1149 3757 gregario
1169 3672 1283 3756 prasata
1301 3719 1314 3750 ,
1333 3691 1397 3738 tum
1420 3672 1556 3750 eosdem,
1591 3692 1654 3739 tum
1676 3669 1763 3754 quos·

144 3796 167 3831 „
186 3751 292 3818 ultimi
308 3754 413 3818 decreti
433 3755 487 3819 bac
507 3754 543 3821 de
564 3777 593 3821 re
613 3754 713 3821 editi.
972 3797 997 3833 „
1015 3775 1142 3837 cumque
1161 3755 1261 3832 alios,
1294 3754 1346 3833 qui
1369 3754 1484 3834 poslhac
1506 3756 1534 3818 in
1556 3754 1627 3833 adeo
1647 3754 1764 3818 detesla·

183 3877 205 3910 „
227 3833 277 3897 Ad
296 3835 442 3900 decimum
458 3837 594 3902 osiacum
614 3883 627 3915 ,
653 3839 709 3901 elle
738 3837 940 3903 admittendos
973 3835 1088 3919 „biles
1108 3834 1211 3900 abusus
1228 3836 1287 3899 aust
1306 3833 1414 3899 fuerint
1434 3833 1578 3901 offendere
1595 3880 1611 3911 ,
1628 3834 1766 3901 certiores

143 3959 170 3992 ‚,
186 3913 227 3976 ad-
276 3913 477 4005 rosesiionem,
509 3919 622 3983 fialias
643 3916 752 3983 lrabiles
782 3919 933 3994 exislant,
975 3964 995 4003 „
1018 3916 1079 3982 fieri
1100 3918 1130 3981 bc
1152 3918 1281 3981 monitos
1310 3912 1507 3992 essevoluit,
1536 3914 1666 4000 prefitas
1694 3935 1766 3980 con·

142 3994 227 4073 „lac
259 3995 345 4061 einde
364 3997 394 4059 in
414 3998 510 4080 aliquo
532 3999 591 4063 alin
610 3999 789 4065 Monaslerio
810 3998 952 4075 ejusdem
974 4044 997 4081 „
1018 3997 1187 4064 donationes
1205 4043 1214 4074 ,
1231 3997 1267 4061 ’δι
1290 3996 1466 4060 reductiones
1485 3997 1641 4077 abeadem
1662 3997 1763 4067 Sede,

143 4121 164 4152 „
185 4076 355 4160 Religionis
379 4077 433 4142 esse
451 4079 641 4153 'collocandos
659 4126 672 4159 ,
701 4081 753 4146 ubi
779 4081 937 4149 commode
968 4082 997 4163 ¹„
1017 4072 1185 4145 nonnin'ex
1206 4077 1373 4143 rationabili
1392 4076 1495 4155 causa,
1515 4077 1561 4143 seu
1580 4096 1662 4159 aqna
1682 4096 1764 4140 com·

142 4158 225 4234 „ali
286 4157 377 4224 siunt.
808 4206 819 4220 ..
974 4208 997 4246 „
1019 4159 1218 4234 miseratione,
1236 4160 1463 4243 compositiones
1484 4180 1553 4225 vero
1573 4180 1592 4221 a
1612 4158 1690 4221 diua
1708 4157 1764 4219 Fa·

80 4320 83 4327 .
182 4283 208 4318 „‚
261 4243 278 4305 d
308 4240 459 4306 decimum
486 4262 630 4324 nonum,
656 4242 769 4311 censuit
800 4264 934 4331 compre·
973 4288 995 4325 „
1015 4244 1123 4318 brier,
1144 4259 1246 4306 utente
1264 4239 1319 4305 suis
1339 4238 1524 4306 facultatibus
1533 4250 1552 4315 ⁴,
1584 4241 1616 4303 te
1643 4229 1764 4323 privile·

143 4363 168 4398 „
187 4321 327 4388 bendere.
732 4394 737 4401 ,
971 4370 993 4406 ‚,
1036 4326 1102 4400 iis,
1130 4322 1241 4387 nonnisi
1260 4343 1298 4386 ex
1326 4320 1408 4386 causa
1429 4321 1536 4404 paritet
1566 4318 1764 4390 rationabili,

181 4446 206 4482 u
225 4404 276 4473 Ad
296 4400 436 4470 ultimum
458 4402 564 4469 babere
583 4405 679 4469 locunt
701 4420 783 4472 extra
792 4406 933 4475 Italicus.
971 4450 993 4487 ,‚
1015 4347 1290 4469 bernartium
1318 4403 1510 4486 opportunis,
1541 4401 1574 4467 δι
1604 4398 1763 4493 prasertim

340 4483 465 4551 Cosmus
485 4486 574 4551 C'atd.
594 4487 631 4552 de
646 4486 777 4553 Turres,
971 4506 1082 4568 „·cutn
1100 4485 1154 4549 ille
1172 4508 1185 4548 τ
1210 4484 1366 4547 Dummodo
1384 4486 1523 4565 malitiose
1540 4506 1595 4547 m
1624 4479 1766 4560 omiserint

586 4580 592 4595 “
973 4611 994 4649 ,‚
1018 4573 1109 4630 animo
1138 4563 1259 4628 habendi
1290 4564 1528 4649 compositionem,
1572 4562 1645 4625 aliae
1668 4559 1766 4699 mplius

216 4668 230 4695 ,
262 4644 377 4736 ΜΝ
396 4654 544 4734 fpgnm
562 4654 594 4718 5,
616 4656 719 4737 ew,
738 4652 817 4718 sm,
975 4692 999 4729 „
1017 4651 1091 4713 nulle
1112 4649 1189 4712 modo
1202 4646 1400 4729 frisingense,
1422 4644 1541 4710 adnirri
1562 4638 1733 4784 consuterpof
1749 4682 1765 4715 ι
