<?xml version="1.0" encoding="UTF-8"?>
<!DOCTYPE html PUBLIC "-//W3C//DTD XHTML 1.0 Transitional//EN"
    "http://www.w3.org/TR/xhtml1/DTD/xhtml1-transitional.dtd">
<html xmlns="http://www.w3.org/1999/xhtml" xml:lang="en" lang="en">
 <head>
  <title>
</title>
<meta http-equiv="Content-Type" content="text/html;charset=utf-8" />
  <meta name='ocr-system' content='tesseract 3.04.00' />
  <meta name='ocr-capabilities' content='ocr_page ocr_carea ocr_par ocr_line ocrx_word'/>
</head>
<body>
  <div class='ocr_page' id='page_1' title='image "./admrevpfluciife08ferrgoog/admrevpfluciife08ferrgoog_0039.png"; bbox 0 0 4084 5242; ppageno 0'>
   <div class='ocr_carea' id='block_1_1' title="bbox 452 112 1744 245">
    <p class='ocr_par' dir='ltr' id='par_1_1' title="bbox 452 112 1744 245">
     <span class='ocr_line' id='line_1_1' title="bbox 452 112 1744 245; baseline -0.003 -43"><span class='ocrx_word' id='word_1_1' title='bbox 452 116 674 204; x_wconf 85' lang='lat' dir='ltr'>MISSAE</span> <span class='ocrx_word' id='word_1_2' title='bbox 716 112 1224 224; x_wconf 51' lang='lat' dir='ltr'>SACRIFICQIUM,</span> <span class='ocrx_word' id='word_1_3' title='bbox 1264 116 1408 197; x_wconf 70' lang='lat' dir='ltr'>ART-</span> <span class='ocrx_word' id='word_1_4' title='bbox 1447 118 1507 197; x_wconf 89' lang='grc' dir='ltr'>ΙΙ.</span> <span class='ocrx_word' id='word_1_5' title='bbox 1602 151 1608 157; x_wconf 91' lang='lat'><em>·</em></span> <span class='ocrx_word' id='word_1_6' title='bbox 1692 144 1744 245; x_wconf 81' lang='lat' dir='ltr'>ay</span> 
     </span>
    </p>
   </div>
   <div class='ocr_carea' id='block_1_2' title="bbox 212 224 1803 369">
    <p class='ocr_par' dir='ltr' id='par_1_2' title="bbox 212 224 1803 369">
     <span class='ocr_line' id='line_1_2' title="bbox 212 224 1803 369; baseline 0.001 -77"><span class='ocrx_word' id='word_1_7' title='bbox 212 226 237 309; x_wconf 85' lang='lat'>„</span> <span class='ocrx_word' id='word_1_8' title='bbox 257 233 289 310; x_wconf 83' lang='lat'>§.</span> <span class='ocrx_word' id='word_1_9' title='bbox 303 251 350 292; x_wconf 87' lang='lat' dir='ltr'>at.</span> <span class='ocrx_word' id='word_1_10' title='bbox 373 230 518 293; x_wconf 82' lang='lat' dir='ltr'>Excitatis</span> <span class='ocrx_word' id='word_1_11' title='bbox 539 239 638 293; x_wconf 86' lang='lat' dir='ltr'>aur&#39;em</span> <span class='ocrx_word' id='word_1_12' title='bbox 661 227 968 369; x_wconf 75' lang='lat' dir='ltr'>suyterpraemissotum</span> <span class='ocrx_word' id='word_1_13' title='bbox 1051 271 1072 305; x_wconf 86' lang='lat'>‚,</span> <span class='ocrx_word' id='word_1_14' title='bbox 1095 227 1261 303; x_wconf 69' lang='lat' dir='ltr'>Quaeritur,</span> <span class='ocrx_word' id='word_1_15' title='bbox 1284 246 1320 286; x_wconf 86' lang='lat' dir='ltr'>au</span> <span class='ocrx_word' id='word_1_16' title='bbox 1343 226 1430 287; x_wconf 86' lang='lat' dir='ltr'>verba</span> <span class='ocrx_word' id='word_1_17' title='bbox 1453 227 1509 304; x_wconf 83' lang='lat' dir='ltr'>(r&#39;n</span> <span class='ocrx_word' id='word_1_18' title='bbox 1518 224 1803 311; x_wconf 72' lang='lat' dir='ltr'>futurumserscrpsen·</span> 
     </span>
    </p>
   </div>
   <div class='ocr_carea' id='block_1_3' title="bbox 169 306 1804 1037">
    <p class='ocr_par' dir='ltr' id='par_1_3' title="bbox 171 306 1803 404">
     <span class='ocr_line' id='line_1_3' title="bbox 171 306 1803 404; baseline -0.002 -26"><span class='ocrx_word' id='word_1_19' title='bbox 171 361 194 397; x_wconf 88' lang='lat'>,‚</span> <span class='ocrx_word' id='word_1_20' title='bbox 217 314 405 378; x_wconf 83' lang='lat' dir='ltr'>Decretorum</span> <span class='ocrx_word' id='word_1_21' title='bbox 430 311 653 390; x_wconf 71' lang='lat' dir='ltr'>intelligentia,</span> <span class='ocrx_word' id='word_1_22' title='bbox 697 330 731 370; x_wconf 88' lang='lat' dir='ltr'>eu</span> <span class='ocrx_word' id='word_1_23' title='bbox 754 306 969 393; x_wconf 80' lang='lat' dir='ltr'>interpretatio·</span> <span class='ocrx_word' id='word_1_24' title='bbox 1010 352 1031 385; x_wconf 92' lang='lat'>„</span> <span class='ocrx_word' id='word_1_25' title='bbox 1052 308 1120 384; x_wconf 86' lang='lat' dir='ltr'>a&#39;r&#39;s)</span> <span class='ocrx_word' id='word_1_26' title='bbox 1145 306 1333 404; x_wconf 55' lang='lat' dir='ltr'>intelligenda</span> <span class='ocrx_word' id='word_1_27' title='bbox 1355 306 1408 369; x_wconf 84' lang='lat' dir='ltr'>stnt</span> <span class='ocrx_word' id='word_1_28' title='bbox 1428 306 1462 367; x_wconf 93' lang='lat' dir='ltr'>de</span> <span class='ocrx_word' id='word_1_29' title='bbox 1484 307 1618 387; x_wconf 85' lang='lat' dir='ltr'>oneribus</span> <span class='ocrx_word' id='word_1_30' title='bbox 1651 306 1803 397; x_wconf 84' lang='lat' dir='ltr'>suscipien-</span> 
     </span>
    </p>

    <p class='ocr_par' dir='ltr' id='par_1_4' title="bbox 169 384 1416 476">
     <span class='ocr_line' id='line_1_4' title="bbox 169 384 1416 476; baseline -0.007 -22"><span class='ocrx_word' id='word_1_31' title='bbox 169 441 191 476; x_wconf 88' lang='lat'>‚‚</span> <span class='ocrx_word' id='word_1_32' title='bbox 215 416 250 457; x_wconf 87' lang='lat' dir='ltr'>ne</span> <span class='ocrx_word' id='word_1_33' title='bbox 273 390 461 476; x_wconf 74' lang='lat' dir='ltr'>infrascriptis</span> <span class='ocrx_word' id='word_1_34' title='bbox 481 392 604 466; x_wconf 86' lang='lat' dir='ltr'>dubiis,</span> <span class='ocrx_word' id='word_1_35' title='bbox 627 389 795 472; x_wconf 84' lang='lat' dir='ltr'>prodierunt</span> <span class='ocrx_word' id='word_1_36' title='bbox 816 411 834 451; x_wconf 87' lang='lat' dir='ltr'>a</span> <span class='ocrx_word' id='word_1_37' title='bbox 856 408 967 451; x_wconf 86' lang='lat' dir='ltr'>merno-</span> <span class='ocrx_word' id='word_1_38' title='bbox 1008 430 1030 464; x_wconf 91' lang='lat'><strong>„</strong></span> <span class='ocrx_word' id='word_1_39' title='bbox 1052 389 1098 451; x_wconf 88' lang='lat' dir='ltr'>dis</span> <span class='ocrx_word' id='word_1_40' title='bbox 1118 387 1181 469; x_wconf 85' lang='lat' dir='ltr'>post</span> <span class='ocrx_word' id='word_1_41' title='bbox 1202 384 1416 467; x_wconf 76' lang='lat' dir='ltr'>priuilegium?</span> 
     </span>
    </p>

    <p class='ocr_par' dir='ltr' id='par_1_5' title="bbox 169 462 1802 556">
     <span class='ocr_line' id='line_1_5' title="bbox 169 462 1802 556; baseline -0.009 -19"><span class='ocrx_word' id='word_1_42' title='bbox 169 522 192 556; x_wconf 89' lang='lat'>‚,</span> <span class='ocrx_word' id='word_1_43' title='bbox 215 492 276 537; x_wconf 89' lang='lat' dir='ltr'>rata</span> <span class='ocrx_word' id='word_1_44' title='bbox 307 473 572 555; x_wconf 74' lang='lat' dir='ltr'>Congregatione,</span> <span class='ocrx_word' id='word_1_45' title='bbox 605 469 689 531; x_wconf 77' lang='lat' dir='ltr'>simili</span> <span class='ocrx_word' id='word_1_46' title='bbox 720 470 892 534; x_wconf 72' lang='lat' dir='ltr'>ausloritate</span> <span class='ocrx_word' id='word_1_47' title='bbox 924 468 969 529; x_wconf 92' lang='lat' dir='ltr'>illi</span> <span class='ocrx_word' id='word_1_48' title='bbox 1050 514 1071 546; x_wconf 92' lang='lat'>„</span> <span class='ocrx_word' id='word_1_49' title='bbox 1094 467 1243 550; x_wconf 86' lang='lat' dir='ltr'>Septimo,</span> <span class='ocrx_word' id='word_1_50' title='bbox 1268 466 1349 551; x_wconf 89' lang='lat' dir='ltr'>snper</span> <span class='ocrx_word' id='word_1_51' title='bbox 1367 482 1473 548; x_wconf 86' lang='lat' dir='ltr'>quarto</span> <span class='ocrx_word' id='word_1_52' title='bbox 1494 462 1617 540; x_wconf 80' lang='lat' dir='ltr'>ejusdem</span> <span class='ocrx_word' id='word_1_53' title='bbox 1637 470 1802 555; x_wconf 64' lang='lat' dir='ltr'>congrega.</span> 
     </span>
    </p>

    <p class='ocr_par' dir='ltr' id='par_1_6' title="bbox 170 540 1801 636">
     <span class='ocr_line' id='line_1_6' title="bbox 170 540 1801 636; baseline -0.002 -20"><span class='ocrx_word' id='word_1_54' title='bbox 170 576 232 636; x_wconf 87' lang='lat' dir='ltr'>„a</span> <span class='ocrx_word' id='word_1_55' title='bbox 262 552 382 636; x_wconf 80' lang='lat' dir='ltr'>praefatu</span> <span class='ocrx_word' id='word_1_56' title='bbox 412 555 532 615; x_wconf 89' lang='lat' dir='ltr'>Urbano</span> <span class='ocrx_word' id='word_1_57' title='bbox 563 551 642 634; x_wconf 86' lang='lat' dir='ltr'>Papa</span> <span class='ocrx_word' id='word_1_58' title='bbox 672 549 766 612; x_wconf 85' lang='lat' dir='ltr'><strong>VIII.</strong></span> <span class='ocrx_word' id='word_1_59' title='bbox 811 540 971 633; x_wconf 71' lang='lat' dir='ltr'>specialiter</span> <span class='ocrx_word' id='word_1_60' title='bbox 1010 592 1033 624; x_wconf 88' lang='lat'>„</span> <span class='ocrx_word' id='word_1_61' title='bbox 1054 550 1144 612; x_wconf 87' lang='lat' dir='ltr'>tionis</span> <span class='ocrx_word' id='word_1_62' title='bbox 1166 548 1321 623; x_wconf 89' lang='lat' dir='ltr'>Decreto,</span> <span class='ocrx_word' id='word_1_63' title='bbox 1351 566 1411 629; x_wconf 95' lang='lat' dir='ltr'>quo</span> <span class='ocrx_word' id='word_1_64' title='bbox 1432 546 1600 630; x_wconf 76' lang='lat' dir='ltr'>prohibetur</span> <span class='ocrx_word' id='word_1_65' title='bbox 1634 548 1801 629; x_wconf 76' lang='lat' dir='ltr'>Sacerdoti,</span> 
     </span>
    </p>

    <p class='ocr_par' dir='ltr' id='par_1_7' title="bbox 170 627 1802 716">
     <span class='ocr_line' id='line_1_7' title="bbox 170 627 1802 716; baseline -0.004 -18"><span class='ocrx_word' id='word_1_66' title='bbox 170 682 192 715; x_wconf 92' lang='lat'><strong>„</strong></span> <span class='ocrx_word' id='word_1_67' title='bbox 216 632 621 716; x_wconf 72' lang='lat' dir='ltr'>attributa,‘responstones‚</span> <span class='ocrx_word' id='word_1_68' title='bbox 645 627 691 695; x_wconf 89' lang='lat' dir='ltr'>seu</span> <span class='ocrx_word' id='word_1_69' title='bbox 711 629 919 693; x_wconf 74' lang='lat' dir='ltr'>declarationes</span> <span class='ocrx_word' id='word_1_70' title='bbox 940 628 970 689; x_wconf 91' lang='lat' dir='ltr'>in</span> <span class='ocrx_word' id='word_1_71' title='bbox 1010 672 1032 705; x_wconf 92' lang='lat'><strong>„</strong></span> <span class='ocrx_word' id='word_1_72' title='bbox 1076 630 1104 691; x_wconf 88' lang='lat' dir='ltr'>ui</span> <span class='ocrx_word' id='word_1_73' title='bbox 1128 628 1250 712; x_wconf 85' lang='lat' dir='ltr'>suscepit</span> <span class='ocrx_word' id='word_1_74' title='bbox 1272 627 1392 692; x_wconf 84' lang='lat' dir='ltr'>Missam</span> <span class='ocrx_word' id='word_1_75' title='bbox 1414 627 1612 692; x_wconf 83' lang='lat' dir='ltr'>celebrandam</span> <span class='ocrx_word' id='word_1_76' title='bbox 1635 648 1703 691; x_wconf 89' lang='lat' dir='ltr'>cum</span> <span class='ocrx_word' id='word_1_77' title='bbox 1723 651 1802 696; x_wconf 84' lang='lat' dir='ltr'>certa</span> 
     </span>
    </p>

    <p class='ocr_par' dir='ltr' id='par_1_8' title="bbox 171 649 1804 881">
     <span class='ocr_line' id='line_1_8' title="bbox 171 649 1804 797; baseline -0.008 -19"><span class='ocrx_word' id='word_1_78' title='bbox 171 756 193 797; x_wconf 90' lang='lat'>„</span> <span class='ocrx_word' id='word_1_79' title='bbox 214 714 302 780; x_wconf 88' lang='lat' dir='ltr'>serius</span> <span class='ocrx_word' id='word_1_80' title='bbox 326 715 520 797; x_wconf 78' lang='lat' dir='ltr'>apponenda.</span> <span class='ocrx_word' id='word_1_81' title='bbox 1004 753 1026 784; x_wconf 88' lang='lat'>,‚</span> <span class='ocrx_word' id='word_1_82' title='bbox 1049 649 1251 791; x_wconf 61' lang='lat' dir='ltr'>beenosyna,</span> <span class='ocrx_word' id='word_1_83' title='bbox 1274 732 1310 773; x_wconf 86' lang='lat' dir='ltr'>ne</span> <span class='ocrx_word' id='word_1_84' title='bbox 1330 709 1448 771; x_wconf 80' lang='lat' dir='ltr'>eandem</span> <span class='ocrx_word' id='word_1_85' title='bbox 1472 707 1591 769; x_wconf 80' lang='lat' dir='ltr'>Missam</span> <span class='ocrx_word' id='word_1_86' title='bbox 1611 707 1716 785; x_wconf 85' lang='lat' dir='ltr'>alteri,</span> <span class='ocrx_word' id='word_1_87' title='bbox 1739 730 1804 793; x_wconf 86' lang='lat' dir='ltr'>par.</span> 
     </span>
     <span class='ocr_line' id='line_1_9' title="bbox 211 787 1801 881; baseline -0.002 -24"><span class='ocrx_word' id='word_1_88' title='bbox 211 841 231 875; x_wconf 90' lang='lat'>„</span> <span class='ocrx_word' id='word_1_89' title='bbox 253 796 344 878; x_wconf 80' lang='lat' dir='ltr'>Super</span> <span class='ocrx_word' id='word_1_90' title='bbox 365 795 407 876; x_wconf 90' lang='lat' dir='ltr'>pri</span> <span class='ocrx_word' id='word_1_91' title='bbox 416 815 465 856; x_wconf 91' lang='lat' dir='ltr'>mo</span> <span class='ocrx_word' id='word_1_92' title='bbox 485 796 574 854; x_wconf 82' lang='lat' dir='ltr'>Sacra</span> <span class='ocrx_word' id='word_1_93' title='bbox 593 789 836 881; x_wconf 71' lang='lat' dir='ltr'>Congregationis</span> <span class='ocrx_word' id='word_1_94' title='bbox 869 789 964 852; x_wconf 88' lang='lat' dir='ltr'>decre·</span> <span class='ocrx_word' id='word_1_95' title='bbox 1005 833 1026 865; x_wconf 90' lang='lat'>„</span> <span class='ocrx_word' id='word_1_96' title='bbox 1049 808 1078 853; x_wconf 90' lang='lat' dir='ltr'>re</span> <span class='ocrx_word' id='word_1_97' title='bbox 1108 791 1230 862; x_wconf 84' lang='lat' dir='ltr'>eiusdem</span> <span class='ocrx_word' id='word_1_98' title='bbox 1264 787 1452 869; x_wconf 78' lang='lat' dir='ltr'>eleemosyna</span> <span class='ocrx_word' id='word_1_99' title='bbox 1482 787 1531 850; x_wconf 85' lang='lat' dir='ltr'>fibi</span> <span class='ocrx_word' id='word_1_100' title='bbox 1562 804 1700 865; x_wconf 86' lang='lat' dir='ltr'>retenta,</span> <span class='ocrx_word' id='word_1_101' title='bbox 1732 792 1801 857; x_wconf 88' lang='lat' dir='ltr'>cele·</span> 
     </span>
    </p>

    <p class='ocr_par' dir='ltr' id='par_1_9' title="bbox 169 867 1572 958">
     <span class='ocr_line' id='line_1_10' title="bbox 169 867 1572 958; baseline -0.007 -18"><span class='ocrx_word' id='word_1_102' title='bbox 169 924 191 958; x_wconf 91' lang='lat'>‚,</span> <span class='ocrx_word' id='word_1_103' title='bbox 213 895 247 940; x_wconf 91' lang='lat' dir='ltr'>to</span> <span class='ocrx_word' id='word_1_104' title='bbox 269 877 303 938; x_wconf 87' lang='lat' dir='ltr'>de</span> <span class='ocrx_word' id='word_1_105' title='bbox 324 873 515 938; x_wconf 88' lang='lat' dir='ltr'>celebratione</span> <span class='ocrx_word' id='word_1_106' title='bbox 537 871 718 944; x_wconf 86' lang='lat' dir='ltr'>Missarum,</span> <span class='ocrx_word' id='word_1_107' title='bbox 749 889 811 950; x_wconf 95' lang='lat' dir='ltr'>quo</span> <span class='ocrx_word' id='word_1_108' title='bbox 853 870 965 932; x_wconf 89' lang='lat' dir='ltr'>tohibe·</span> <span class='ocrx_word' id='word_1_109' title='bbox 1007 913 1028 944; x_wconf 91' lang='lat'><strong>„</strong></span> <span class='ocrx_word' id='word_1_110' title='bbox 1051 869 1189 931; x_wconf 84' lang='lat' dir='ltr'>brandam</span> <span class='ocrx_word' id='word_1_111' title='bbox 1211 867 1406 938; x_wconf 63' lang='lat' dir='ltr'>committam</span> <span class='ocrx_word' id='word_1_112' title='bbox 1459 904 1461 909; x_wconf 95' lang='lat'>·</span> <span class='ocrx_word' id='word_1_113' title='bbox 1568 926 1572 935; x_wconf 81' lang='grc'><strong>,</strong></span> 
     </span>
    </p>

    <p class='ocr_par' dir='ltr' id='par_1_10' title="bbox 171 948 1802 1037">
     <span class='ocr_line' id='line_1_11' title="bbox 171 948 1802 1037; baseline -0.004 -18"><span class='ocrx_word' id='word_1_114' title='bbox 171 1004 195 1035; x_wconf 86' lang='grc'>,,</span> <span class='ocrx_word' id='word_1_115' title='bbox 217 975 265 1018; x_wconf 88' lang='lat' dir='ltr'>tut</span> <span class='ocrx_word' id='word_1_116' title='bbox 286 976 320 1017; x_wconf 88' lang='lat' dir='ltr'>ne</span> <span class='ocrx_word' id='word_1_117' title='bbox 342 953 480 1037; x_wconf 84' lang='lat' dir='ltr'>Episcopi</span> <span class='ocrx_word' id='word_1_118' title='bbox 503 957 531 1012; x_wconf 89' lang='lat' dir='ltr'>in</span> <span class='ocrx_word' id='word_1_119' title='bbox 556 949 725 1014; x_wconf 79' lang='lat' dir='ltr'>Dioecesana</span> <span class='ocrx_word' id='word_1_120' title='bbox 745 949 824 1030; x_wconf 87' lang='lat' dir='ltr'>Syno</span> <span class='ocrx_word' id='word_1_121' title='bbox 882 967 965 1021; x_wconf 84' lang='lat' dir='ltr'>‚aut</span> <span class='ocrx_word' id='word_1_122' title='bbox 1048 993 1068 1027; x_wconf 86' lang='lat'>„</span> <span class='ocrx_word' id='word_1_123' title='bbox 1089 949 1270 1025; x_wconf 83' lang='lat' dir='ltr'>Quaeritur,</span> <span class='ocrx_word' id='word_1_124' title='bbox 1299 968 1335 1010; x_wconf 82' lang='lat' dir='ltr'>un</span> <span class='ocrx_word' id='word_1_125' title='bbox 1358 948 1584 1031; x_wconf 84' lang='lat' dir='ltr'>permittendum</span> <span class='ocrx_word' id='word_1_126' title='bbox 1616 951 1649 1014; x_wconf 87' lang='lat' dir='ltr'>stt</span> <span class='ocrx_word' id='word_1_127' title='bbox 1679 950 1802 1013; x_wconf 85' lang='lat' dir='ltr'>admini-</span> 
     </span>
    </p>
   </div>
   <div class='ocr_carea' id='block_1_4' title="bbox 40 1028 1803 1117">
    <p class='ocr_par' dir='ltr' id='par_1_11' title="bbox 40 1028 1803 1117">
     <span class='ocr_line' id='line_1_12' title="bbox 40 1028 1803 1117; baseline -0.002 -19"><span class='ocrx_word' id='word_1_128' title='bbox 40 1032 48 1039; x_wconf 76' lang='grc'><strong><em>’</em></strong></span> <span class='ocrx_word' id='word_1_129' title='bbox 171 1084 194 1117; x_wconf 83' lang='grc'>,,</span> <span class='ocrx_word' id='word_1_130' title='bbox 217 1034 371 1099; x_wconf 86' lang='lat' dir='ltr'>Generales</span> <span class='ocrx_word' id='word_1_131' title='bbox 393 1033 420 1092; x_wconf 90' lang='lat' dir='ltr'>in</span> <span class='ocrx_word' id='word_1_132' title='bbox 431 1029 797 1113; x_wconf 82' lang='lat' dir='ltr'>CapitulisGeneralibus,</span> <span class='ocrx_word' id='word_1_133' title='bbox 821 1029 865 1093; x_wconf 88' lang='lat' dir='ltr'>rel</span> <span class='ocrx_word' id='word_1_134' title='bbox 876 1028 965 1103; x_wconf 87' lang='lat' dir='ltr'>alias,</span> <span class='ocrx_word' id='word_1_135' title='bbox 1007 1071 1027 1103; x_wconf 80' lang='lat'>„</span> <span class='ocrx_word' id='word_1_136' title='bbox 1050 1028 1219 1093; x_wconf 79' lang='lat' dir='ltr'>stratoribus</span> <span class='ocrx_word' id='word_1_137' title='bbox 1231 1029 1442 1103; x_wconf 84' lang='lat' dir='ltr'>Ecclestatum,</span> <span class='ocrx_word' id='word_1_138' title='bbox 1465 1046 1497 1092; x_wconf 89' lang='lat' dir='ltr'>ut</span> <span class='ocrx_word' id='word_1_139' title='bbox 1521 1032 1663 1093; x_wconf 85' lang='lat' dir='ltr'>retineant</span> <span class='ocrx_word' id='word_1_140' title='bbox 1674 1031 1803 1115; x_wconf 87' lang='lat' dir='ltr'>aliquam</span> 
     </span>
    </p>
   </div>
   <div class='ocr_carea' id='block_1_5' title="bbox 171 1098 1807 1999">
    <p class='ocr_par' dir='ltr' id='par_1_12' title="bbox 173 1098 1803 1198">
     <span class='ocr_line' id='line_1_13' title="bbox 173 1098 1803 1198; baseline -0.001 -22"><span class='ocrx_word' id='word_1_141' title='bbox 173 1162 196 1197; x_wconf 85' lang='lat'>„</span> <span class='ocrx_word' id='word_1_142' title='bbox 217 1134 334 1198; x_wconf 88' lang='lat' dir='ltr'>quoquo</span> <span class='ocrx_word' id='word_1_143' title='bbox 355 1112 441 1174; x_wconf 91' lang='lat' dir='ltr'>modo</span> <span class='ocrx_word' id='word_1_144' title='bbox 464 1098 597 1174; x_wconf 76' lang='lat' dir='ltr'>reducant</span> <span class='ocrx_word' id='word_1_145' title='bbox 619 1131 708 1173; x_wconf 88' lang='lat' dir='ltr'>onera</span> <span class='ocrx_word' id='word_1_146' title='bbox 729 1110 789 1171; x_wconf 88' lang='lat' dir='ltr'>ulla</span> <span class='ocrx_word' id='word_1_147' title='bbox 811 1108 964 1171; x_wconf 76' lang='lat' dir='ltr'>urinarum</span> <span class='ocrx_word' id='word_1_148' title='bbox 1007 1151 1027 1184; x_wconf 89' lang='lat'>„</span> <span class='ocrx_word' id='word_1_149' title='bbox 1049 1107 1299 1192; x_wconf 84' lang='lat' dir='ltr'>eleemosynarum</span> <span class='ocrx_word' id='word_1_150' title='bbox 1322 1110 1488 1190; x_wconf 81' lang='lat' dir='ltr'>portionem</span> <span class='ocrx_word' id='word_1_151' title='bbox 1511 1130 1564 1197; x_wconf 93' lang='lat' dir='ltr'>pro</span> <span class='ocrx_word' id='word_1_152' title='bbox 1585 1113 1710 1195; x_wconf 79' lang='lat' dir='ltr'>etpenfis</span> <span class='ocrx_word' id='word_1_153' title='bbox 1742 1133 1803 1176; x_wconf 91' lang='lat' dir='ltr'>ma-</span> 
     </span>
    </p>

    <p class='ocr_par' dir='ltr' id='par_1_13' title="bbox 172 1188 1802 1280">
     <span class='ocr_line' id='line_1_14' title="bbox 172 1188 1802 1280; baseline -0.002 -21"><span class='ocrx_word' id='word_1_154' title='bbox 172 1243 195 1280; x_wconf 89' lang='lat'>„</span> <span class='ocrx_word' id='word_1_155' title='bbox 218 1194 478 1264; x_wconf 87' lang='lat' dir='ltr'>celebrandarum,</span> <span class='ocrx_word' id='word_1_156' title='bbox 514 1206 565 1253; x_wconf 87' lang='lat' dir='ltr'>aur</span> <span class='ocrx_word' id='word_1_157' title='bbox 595 1193 655 1273; x_wconf 85' lang='lat' dir='ltr'>poll</span> <span class='ocrx_word' id='word_1_158' title='bbox 686 1191 760 1253; x_wconf 90' lang='lat' dir='ltr'>idem</span> <span class='ocrx_word' id='word_1_159' title='bbox 793 1190 964 1253; x_wconf 81' lang='lat' dir='ltr'>Concilium</span> <span class='ocrx_word' id='word_1_160' title='bbox 1005 1231 1027 1265; x_wconf 93' lang='lat'><strong>„</strong></span> <span class='ocrx_word' id='word_1_161' title='bbox 1049 1189 1231 1253; x_wconf 85' lang='lat' dir='ltr'>nutentionis</span> <span class='ocrx_word' id='word_1_162' title='bbox 1253 1190 1382 1272; x_wconf 80' lang='lat' dir='ltr'>Ecclesiae</span> <span class='ocrx_word' id='word_1_163' title='bbox 1402 1234 1412 1265; x_wconf 97' lang='lat'>,</span> <span class='ocrx_word' id='word_1_164' title='bbox 1435 1188 1586 1254; x_wconf 81' lang='lat' dir='ltr'>Altatium</span> <span class='ocrx_word' id='word_1_165' title='bbox 1610 1236 1619 1267; x_wconf 87' lang='lat'>,</span> <span class='ocrx_word' id='word_1_166' title='bbox 1644 1191 1802 1258; x_wconf 82' lang='lat' dir='ltr'>lnservier·</span> 
     </span>
    </p>

    <p class='ocr_par' dir='ltr' id='par_1_14' title="bbox 173 1269 1801 1433">
     <span class='ocr_line' id='line_1_15' title="bbox 173 1269 1801 1356; baseline -0.001 -17"><span class='ocrx_word' id='word_1_167' title='bbox 173 1323 195 1356; x_wconf 95' lang='lat'>„</span> <span class='ocrx_word' id='word_1_168' title='bbox 217 1280 256 1339; x_wconf 92' lang='lat' dir='ltr'>im</span> <span class='ocrx_word' id='word_1_169' title='bbox 299 1273 364 1348; x_wconf 79' lang='lat' dir='ltr'>fita,</span> <span class='ocrx_word' id='word_1_170' title='bbox 388 1288 439 1336; x_wconf 88' lang='lat' dir='ltr'>aut</span> <span class='ocrx_word' id='word_1_171' title='bbox 461 1272 492 1331; x_wconf 92' lang='lat' dir='ltr'>in</span> <span class='ocrx_word' id='word_1_172' title='bbox 515 1270 618 1334; x_wconf 91' lang='lat' dir='ltr'>limine</span> <span class='ocrx_word' id='word_1_173' title='bbox 639 1269 834 1333; x_wconf 81' lang='lat' dir='ltr'>fundationis.</span> <span class='ocrx_word' id='word_1_174' title='bbox 1006 1312 1029 1345; x_wconf 89' lang='lat'>„</span> <span class='ocrx_word' id='word_1_175' title='bbox 1048 1269 1144 1346; x_wconf 87' lang='lat' dir='ltr'>rium,</span> <span class='ocrx_word' id='word_1_176' title='bbox 1167 1289 1423 1353; x_wconf 73' lang='lat' dir='ltr'>paramentorum,</span> <span class='ocrx_word' id='word_1_177' title='bbox 1445 1269 1611 1349; x_wconf 86' lang='lat' dir='ltr'>luminum,</span> <span class='ocrx_word' id='word_1_178' title='bbox 1634 1273 1801 1349; x_wconf 80' lang='lat' dir='ltr'>Vini,llo·</span> 
     </span>
     <span class='ocr_line' id='line_1_16' title="bbox 212 1295 1447 1433; baseline 0 -20"><span class='ocrx_word' id='word_1_179' title='bbox 212 1399 234 1431; x_wconf 92' lang='lat'><strong>„</strong></span> <span class='ocrx_word' id='word_1_180' title='bbox 255 1295 430 1428; x_wconf 55' lang='lat' dir='ltr'>bicatum,</span> <span class='ocrx_word' id='word_1_181' title='bbox 461 1352 559 1432; x_wconf 88' lang='lat' dir='ltr'>quid,</span> <span class='ocrx_word' id='word_1_182' title='bbox 592 1352 610 1413; x_wconf 85' lang='lat' dir='ltr'>st</span> <span class='ocrx_word' id='word_1_183' title='bbox 643 1351 769 1433; x_wconf 70' lang='lat' dir='ltr'>legatum</span> <span class='ocrx_word' id='word_1_184' title='bbox 793 1352 826 1412; x_wconf 88' lang='lat' dir='ltr'>sit</span> <span class='ocrx_word' id='word_1_185' title='bbox 849 1350 892 1413; x_wconf 90' lang='lat' dir='ltr'>ira</span> <span class='ocrx_word' id='word_1_186' title='bbox 923 1368 965 1413; x_wconf 89' lang='lat' dir='ltr'>re·</span> <span class='ocrx_word' id='word_1_187' title='bbox 1007 1390 1031 1426; x_wconf 83' lang='lat'>„</span> <span class='ocrx_word' id='word_1_188' title='bbox 1052 1350 1127 1426; x_wconf 83' lang='lat' dir='ltr'>ilia,</span> <span class='ocrx_word' id='word_1_189' title='bbox 1150 1352 1179 1413; x_wconf 80' lang='grc' dir='ltr'>δι</span> <span class='ocrx_word' id='word_1_190' title='bbox 1202 1352 1384 1416; x_wconf 65' lang='lat' dir='ltr'>similinus</span> <span class='ocrx_word' id='word_1_191' title='bbox 1445 1354 1447 1359; x_wconf 86' lang='grc'><strong>’</strong></span> 
     </span>
    </p>

    <p class='ocr_par' dir='ltr' id='par_1_15' title="bbox 172 1426 1807 1573">
     <span class='ocr_line' id='line_1_17' title="bbox 172 1426 1807 1573; baseline 0.001 -77"><span class='ocrx_word' id='word_1_192' title='bbox 172 1481 194 1513; x_wconf 84' lang='grc'>,,</span> <span class='ocrx_word' id='word_1_193' title='bbox 216 1455 298 1509; x_wconf 90' lang='lat' dir='ltr'>nue,</span> <span class='ocrx_word' id='word_1_194' title='bbox 335 1451 446 1497; x_wconf 90' lang='lat' dir='ltr'>utnon</span> <span class='ocrx_word' id='word_1_195' title='bbox 469 1432 572 1573; x_wconf 46' lang='lat' dir='ltr'>fugai</span> <span class='ocrx_word' id='word_1_196' title='bbox 595 1431 760 1495; x_wconf 90' lang='lat' dir='ltr'>velitonus</span> <span class='ocrx_word' id='word_1_197' title='bbox 791 1430 836 1492; x_wconf 92' lang='lat' dir='ltr'>illi</span> <span class='ocrx_word' id='word_1_198' title='bbox 873 1433 968 1503; x_wconf 87' lang='lat' dir='ltr'>injun·</span> <span class='ocrx_word' id='word_1_199' title='bbox 1046 1474 1068 1507; x_wconf 90' lang='lat'><strong>„</strong></span> <span class='ocrx_word' id='word_1_200' title='bbox 1088 1426 1233 1506; x_wconf 73' lang='lat' dir='ltr'>odero,</span> <span class='ocrx_word' id='word_1_201' title='bbox 1263 1454 1299 1497; x_wconf 89' lang='lat' dir='ltr'>an</span> <span class='ocrx_word' id='word_1_202' title='bbox 1322 1430 1378 1495; x_wconf 82' lang='lat' dir='ltr'>boc</span> <span class='ocrx_word' id='word_1_203' title='bbox 1400 1430 1556 1497; x_wconf 78' lang='lat' dir='ltr'>Decretum</span> <span class='ocrx_word' id='word_1_204' title='bbox 1578 1433 1683 1499; x_wconf 86' lang='lat' dir='ltr'>babeat</span> <span class='ocrx_word' id='word_1_205' title='bbox 1703 1434 1807 1508; x_wconf 77' lang='lat' dir='ltr'>locum</span> 
     </span>
    </p>

    <p class='ocr_par' dir='ltr' id='par_1_16' title="bbox 173 1509 1799 1594">
     <span class='ocr_line' id='line_1_18' title="bbox 173 1509 1799 1594; baseline -0.001 -17"><span class='ocrx_word' id='word_1_206' title='bbox 173 1561 195 1594; x_wconf 91' lang='lat'><strong>„</strong></span> <span class='ocrx_word' id='word_1_207' title='bbox 216 1514 294 1577; x_wconf 71' lang='lat' dir='ltr'>sium</span> <span class='ocrx_word' id='word_1_208' title='bbox 318 1512 428 1587; x_wconf 89' lang='lat' dir='ltr'>subire,</span> <span class='ocrx_word' id='word_1_209' title='bbox 452 1514 517 1586; x_wconf 69' lang='lat' dir='ltr'>dr,</span> <span class='ocrx_word' id='word_1_210' title='bbox 567 1510 763 1583; x_wconf 80' lang='lat' dir='ltr'>recurrendum</span> <span class='ocrx_word' id='word_1_211' title='bbox 776 1510 964 1574; x_wconf 87' lang='lat' dir='ltr'>suadSedem</span> <span class='ocrx_word' id='word_1_212' title='bbox 1005 1552 1028 1586; x_wconf 89' lang='lat'><strong>„</strong></span> <span class='ocrx_word' id='word_1_213' title='bbox 1052 1512 1081 1592; x_wconf 93' lang='lat' dir='ltr'>in</span> <span class='ocrx_word' id='word_1_214' title='bbox 1102 1509 1278 1590; x_wconf 83' lang='lat' dir='ltr'>beneficiis,</span> <span class='ocrx_word' id='word_1_215' title='bbox 1305 1532 1371 1592; x_wconf 76' lang='lat' dir='ltr'>qua</span> <span class='ocrx_word' id='word_1_216' title='bbox 1391 1510 1576 1579; x_wconf 85' lang='lat' dir='ltr'>conseruntur</span> <span class='ocrx_word' id='word_1_217' title='bbox 1597 1514 1626 1575; x_wconf 89' lang='lat' dir='ltr'>in</span> <span class='ocrx_word' id='word_1_218' title='bbox 1648 1514 1799 1591; x_wconf 86' lang='lat' dir='ltr'>titulum,</span> 
     </span>
    </p>

    <p class='ocr_par' dir='ltr' id='par_1_17' title="bbox 171 1590 1802 1678">
     <span class='ocr_line' id='line_1_19' title="bbox 171 1590 1802 1678; baseline 0.001 -20"><span class='ocrx_word' id='word_1_219' title='bbox 171 1640 193 1673; x_wconf 88' lang='lat'>„</span> <span class='ocrx_word' id='word_1_220' title='bbox 217 1595 419 1678; x_wconf 82' lang='lat' dir='ltr'>Apostolicam</span> <span class='ocrx_word' id='word_1_221' title='bbox 441 1612 495 1675; x_wconf 88' lang='lat' dir='ltr'>pso</span> <span class='ocrx_word' id='word_1_222' title='bbox 504 1594 702 1656; x_wconf 88' lang='lat' dir='ltr'>moderatione</span> <span class='ocrx_word' id='word_1_223' title='bbox 711 1594 823 1668; x_wconf 87' lang='lat' dir='ltr'>oneris,</span> <span class='ocrx_word' id='word_1_224' title='bbox 847 1608 964 1666; x_wconf 85' lang='lat' dir='ltr'>toturn,</span> <span class='ocrx_word' id='word_1_225' title='bbox 1006 1634 1027 1667; x_wconf 91' lang='lat'>„</span> <span class='ocrx_word' id='word_1_226' title='bbox 1051 1592 1144 1666; x_wconf 79' lang='lat' dir='ltr'>idest,</span> <span class='ocrx_word' id='word_1_227' title='bbox 1176 1612 1213 1654; x_wconf 89' lang='lat' dir='ltr'>an</span> <span class='ocrx_word' id='word_1_228' title='bbox 1236 1591 1341 1656; x_wconf 74' lang='lat' dir='ltr'>Resiot</span> <span class='ocrx_word' id='word_1_229' title='bbox 1363 1590 1526 1673; x_wconf 78' lang='lat' dir='ltr'>Beneficii,</span> <span class='ocrx_word' id='word_1_230' title='bbox 1557 1594 1609 1674; x_wconf 90' lang='lat' dir='ltr'>qui</span> <span class='ocrx_word' id='word_1_231' title='bbox 1670 1597 1720 1658; x_wconf 89' lang='lat' dir='ltr'>tesl</span> <span class='ocrx_word' id='word_1_232' title='bbox 1751 1616 1802 1677; x_wconf 90' lang='lat' dir='ltr'>per</span> 
     </span>
    </p>

    <p class='ocr_par' dir='ltr' id='par_1_18' title="bbox 171 1671 1799 1757">
     <span class='ocr_line' id='line_1_20' title="bbox 171 1671 1799 1757; baseline -0.001 -17"><span class='ocrx_word' id='word_1_233' title='bbox 171 1721 194 1754; x_wconf 91' lang='lat'>„</span> <span class='ocrx_word' id='word_1_234' title='bbox 218 1693 269 1740; x_wconf 88' lang='lat' dir='ltr'>aut</span> <span class='ocrx_word' id='word_1_235' title='bbox 290 1674 347 1740; x_wconf 87' lang='lat' dir='ltr'>sere</span> <span class='ocrx_word' id='word_1_236' title='bbox 369 1692 466 1740; x_wconf 90' lang='lat' dir='ltr'>torum</span> <span class='ocrx_word' id='word_1_237' title='bbox 489 1672 689 1737; x_wconf 89' lang='lat' dir='ltr'>insumendum</span> <span class='ocrx_word' id='word_1_238' title='bbox 710 1673 743 1737; x_wconf 91' lang='lat' dir='ltr'>stt</span> <span class='ocrx_word' id='word_1_239' title='bbox 765 1693 819 1757; x_wconf 89' lang='lat' dir='ltr'>pto</span> <span class='ocrx_word' id='word_1_240' title='bbox 840 1673 967 1756; x_wconf 68' lang='lat' dir='ltr'>expensis</span> <span class='ocrx_word' id='word_1_241' title='bbox 987 1715 1028 1755; x_wconf 32' lang='lat'>¹„</span> <span class='ocrx_word' id='word_1_242' title='bbox 1050 1672 1140 1737; x_wconf 91' lang='lat' dir='ltr'>alium</span> <span class='ocrx_word' id='word_1_243' title='bbox 1173 1671 1343 1747; x_wconf 88' lang='lat' dir='ltr'>celebrate,</span> <span class='ocrx_word' id='word_1_244' title='bbox 1374 1689 1506 1739; x_wconf 87' lang='lat' dir='ltr'>tentatur</span> <span class='ocrx_word' id='word_1_245' title='bbox 1543 1674 1625 1738; x_wconf 88' lang='lat' dir='ltr'>Sacer</span> <span class='ocrx_word' id='word_1_246' title='bbox 1643 1675 1688 1737; x_wconf 91' lang='lat' dir='ltr'>ori</span> <span class='ocrx_word' id='word_1_247' title='bbox 1727 1677 1799 1740; x_wconf 85' lang='lat' dir='ltr'>cele·</span> 
     </span>
    </p>

    <p class='ocr_par' dir='ltr' id='par_1_19' title="bbox 174 1750 1798 1974">
     <span class='ocr_line' id='line_1_21' title="bbox 174 1750 1798 1834; baseline 0.002 -16"><span class='ocrx_word' id='word_1_248' title='bbox 174 1756 305 1834; x_wconf 85' lang='lat' dir='ltr'>„adid</span> <span class='ocrx_word' id='word_1_249' title='bbox 328 1755 504 1820; x_wconf 76' lang='lat' dir='ltr'>necessariis?</span> <span class='ocrx_word' id='word_1_250' title='bbox 579 1776 583 1785; x_wconf 89' lang='lat'><strong>·</strong></span> <span class='ocrx_word' id='word_1_251' title='bbox 1006 1794 1028 1827; x_wconf 84' lang='lat'>‚,</span> <span class='ocrx_word' id='word_1_252' title='bbox 1050 1751 1146 1816; x_wconf 89' lang='lat' dir='ltr'>branti</span> <span class='ocrx_word' id='word_1_253' title='bbox 1180 1751 1249 1816; x_wconf 89' lang='lat' dir='ltr'>dare</span> <span class='ocrx_word' id='word_1_254' title='bbox 1278 1754 1309 1814; x_wconf 90' lang='lat' dir='ltr'>lli</span> <span class='ocrx_word' id='word_1_255' title='bbox 1369 1750 1450 1815; x_wconf 88' lang='lat' dir='ltr'>dium</span> <span class='ocrx_word' id='word_1_256' title='bbox 1471 1753 1507 1816; x_wconf 88' lang='lat' dir='ltr'>ad</span> <span class='ocrx_word' id='word_1_257' title='bbox 1537 1755 1681 1818; x_wconf 86' lang='lat' dir='ltr'>rationem</span> <span class='ocrx_word' id='word_1_258' title='bbox 1708 1755 1798 1821; x_wconf 84' lang='lat' dir='ltr'>reddr-</span> 
     </span>
     <span class='ocr_line' id='line_1_22' title="bbox 215 1830 1294 1974; baseline -0.005 -75"><span class='ocrx_word' id='word_1_259' title='bbox 215 1881 238 1912; x_wconf 91' lang='lat'><strong>„</strong></span> <span class='ocrx_word' id='word_1_260' title='bbox 258 1837 299 1898; x_wconf 86' lang='lat' dir='ltr'>Et</span> <span class='ocrx_word' id='word_1_261' title='bbox 320 1838 387 1916; x_wconf 86' lang='lat' dir='ltr'>quid</span> <span class='ocrx_word' id='word_1_262' title='bbox 406 1878 415 1910; x_wconf 93' lang='lat'>,</span> <span class='ocrx_word' id='word_1_263' title='bbox 438 1835 457 1895; x_wconf 85' lang='lat' dir='ltr'>st</span> <span class='ocrx_word' id='word_1_264' title='bbox 471 1835 663 1974; x_wconf 73' lang='lat' dir='ltr'>¹permittatur</span> <span class='ocrx_word' id='word_1_265' title='bbox 683 1832 830 1917; x_wconf 88' lang='lat' dir='ltr'>Episcopo</span> <span class='ocrx_word' id='word_1_266' title='bbox 852 1830 965 1895; x_wconf 77' lang='lat' dir='ltr'>infun·</span> <span class='ocrx_word' id='word_1_267' title='bbox 1007 1876 1027 1910; x_wconf 90' lang='lat'>,‚</span> <span class='ocrx_word' id='word_1_268' title='bbox 1049 1850 1133 1899; x_wconf 90' lang='lat' dir='ltr'>tuum</span> <span class='ocrx_word' id='word_1_269' title='bbox 1158 1830 1294 1897; x_wconf 79' lang='lat' dir='ltr'>Beneficii</span> 
     </span>
    </p>

    <p class='ocr_par' dir='ltr' id='par_1_20' title="bbox 176 1909 1800 1999">
     <span class='ocr_line' id='line_1_23' title="bbox 176 1909 1800 1999; baseline -0.001 -21"><span class='ocrx_word' id='word_1_270' title='bbox 176 1962 197 1995; x_wconf 92' lang='lat'>„</span> <span class='ocrx_word' id='word_1_271' title='bbox 220 1916 356 1987; x_wconf 79' lang='lat' dir='ltr'>datione,</span> <span class='ocrx_word' id='word_1_272' title='bbox 380 1932 411 1978; x_wconf 89' lang='lat' dir='ltr'>ut</span> <span class='ocrx_word' id='word_1_273' title='bbox 431 1935 469 1997; x_wconf 91' lang='lat' dir='ltr'>po</span> <span class='ocrx_word' id='word_1_274' title='bbox 493 1911 964 1989; x_wconf 78' lang='lat' dir='ltr'>rehujusmodioneramoclerati?</span> <span class='ocrx_word' id='word_1_275' title='bbox 1048 1958 1068 1991; x_wconf 89' lang='lat'>„</span> <span class='ocrx_word' id='word_1_276' title='bbox 1091 1913 1244 1989; x_wconf 84' lang='lat' dir='ltr'>Declmo,</span> <span class='ocrx_word' id='word_1_277' title='bbox 1266 1934 1302 1976; x_wconf 87' lang='lat' dir='ltr'>an</span> <span class='ocrx_word' id='word_1_278' title='bbox 1323 1911 1510 1988; x_wconf 67' lang='lat' dir='ltr'>Sacerdotes,</span> <span class='ocrx_word' id='word_1_279' title='bbox 1546 1909 1800 1999; x_wconf 83' lang='lat' dir='ltr'>quibus-aliquan·</span> 
     </span>
    </p>
   </div>
   <div class='ocr_carea' id='block_1_6' title="bbox 218 1973 1924 2078">
    <p class='ocr_par' dir='ltr' id='par_1_21' title="bbox 218 1973 1924 2078">
     <span class='ocr_line' id='line_1_24' title="bbox 218 1973 1924 2078; baseline 0.001 -20"><span class='ocrx_word' id='word_1_280' title='bbox 218 2041 237 2072; x_wconf 89' lang='lat'>„</span> <span class='ocrx_word' id='word_1_281' title='bbox 258 1997 413 2069; x_wconf 82' lang='lat' dir='ltr'>Secundo,</span> <span class='ocrx_word' id='word_1_282' title='bbox 444 1994 527 2078; x_wconf 91' lang='lat' dir='ltr'>super</span> <span class='ocrx_word' id='word_1_283' title='bbox 548 1994 669 2057; x_wconf 82' lang='lat' dir='ltr'>secundo</span> <span class='ocrx_word' id='word_1_284' title='bbox 690 1992 814 2067; x_wconf 80' lang='lat' dir='ltr'>ejusdem</span> <span class='ocrx_word' id='word_1_285' title='bbox 836 1995 966 2073; x_wconf 78' lang='lat' dir='ltr'>Congre·</span> <span class='ocrx_word' id='word_1_286' title='bbox 1006 2036 1027 2071; x_wconf 83' lang='lat'>„</span> <span class='ocrx_word' id='word_1_287' title='bbox 1051 1996 1090 2058; x_wconf 86' lang='lat' dir='ltr'>do</span> <span class='ocrx_word' id='word_1_288' title='bbox 1118 1991 1239 2058; x_wconf 83' lang='lat' dir='ltr'>offertur</span> <span class='ocrx_word' id='word_1_289' title='bbox 1277 1988 1459 2077; x_wconf 75' lang='lat' dir='ltr'>eleemosyna</span> <span class='ocrx_word' id='word_1_290' title='bbox 1497 1999 1590 2065; x_wconf 81' lang='lat' dir='ltr'>maior</span> <span class='ocrx_word' id='word_1_291' title='bbox 1621 1993 1716 2058; x_wconf 80' lang='lat' dir='ltr'>solita</span> <span class='ocrx_word' id='word_1_292' title='bbox 1769 2019 1802 2061; x_wconf 91' lang='lat' dir='ltr'>to</span> <span class='ocrx_word' id='word_1_293' title='bbox 1916 1973 1924 2021; x_wconf 33' lang='grc' dir='ltr'><em>Γ</em></span> 
     </span>
    </p>
   </div>
   <div class='ocr_carea' id='block_1_7' title="bbox 172 2070 1824 4626">
    <p class='ocr_par' dir='ltr' id='par_1_22' title="bbox 172 2070 1824 4626">
     <span class='ocr_line' id='line_1_25' title="bbox 175 2070 1802 2158; baseline -0.001 -19"><span class='ocrx_word' id='word_1_294' title='bbox 175 2122 196 2156; x_wconf 88' lang='lat'>‚,</span> <span class='ocrx_word' id='word_1_295' title='bbox 218 2075 344 2158; x_wconf 80' lang='lat' dir='ltr'>gorionis</span> <span class='ocrx_word' id='word_1_296' title='bbox 364 2074 497 2151; x_wconf 89' lang='lat' dir='ltr'>decreto,</span> <span class='ocrx_word' id='word_1_297' title='bbox 519 2094 580 2156; x_wconf 93' lang='lat' dir='ltr'>quo</span> <span class='ocrx_word' id='word_1_298' title='bbox 600 2092 749 2151; x_wconf 87' lang='lat' dir='ltr'>caretur,</span> <span class='ocrx_word' id='word_1_299' title='bbox 772 2092 803 2137; x_wconf 90' lang='lat' dir='ltr'>ut</span> <span class='ocrx_word' id='word_1_300' title='bbox 825 2073 964 2138; x_wconf 86' lang='lat' dir='ltr'>celebren-</span> <span class='ocrx_word' id='word_1_301' title='bbox 1005 2070 1243 2151; x_wconf 88' lang='lat' dir='ltr'>„celebratione</span> <span class='ocrx_word' id='word_1_302' title='bbox 1273 2071 1399 2150; x_wconf 82' lang='lat' dir='ltr'>Missa,</span> <span class='ocrx_word' id='word_1_303' title='bbox 1431 2075 1551 2138; x_wconf 88' lang='lat' dir='ltr'>debeant</span> <span class='ocrx_word' id='word_1_304' title='bbox 1579 2074 1651 2138; x_wconf 89' lang='lat' dir='ltr'>dare·</span> <span class='ocrx_word' id='word_1_305' title='bbox 1670 2097 1732 2140; x_wconf 59' lang='lat' dir='ltr'>&lt;ean</span> <span class='ocrx_word' id='word_1_306' title='bbox 1771 2096 1802 2140; x_wconf 87' lang='lat' dir='ltr'>nt</span> 
     </span>
     <span class='ocr_line' id='line_1_26' title="bbox 175 2152 1801 2248; baseline -0.001 -28"><span class='ocrx_word' id='word_1_307' title='bbox 175 2201 195 2235; x_wconf 91' lang='lat'>„</span> <span class='ocrx_word' id='word_1_308' title='bbox 217 2174 264 2220; x_wconf 88' lang='lat' dir='ltr'>tut</span> <span class='ocrx_word' id='word_1_309' title='bbox 284 2172 330 2219; x_wconf 89' lang='lat' dir='ltr'>rot</span> <span class='ocrx_word' id='word_1_310' title='bbox 353 2155 476 2230; x_wconf 85' lang='lat' dir='ltr'>Missa,</span> <span class='ocrx_word' id='word_1_311' title='bbox 505 2171 579 2235; x_wconf 90' lang='lat' dir='ltr'>quor</span> <span class='ocrx_word' id='word_1_312' title='bbox 608 2154 644 2217; x_wconf 87' lang='lat' dir='ltr'>sd</span> <span class='ocrx_word' id='word_1_313' title='bbox 673 2155 815 2219; x_wconf 88' lang='lat' dir='ltr'>rationem</span> <span class='ocrx_word' id='word_1_314' title='bbox 850 2154 965 2219; x_wconf 82' lang='lat' dir='ltr'>tributa</span> <span class='ocrx_word' id='word_1_315' title='bbox 1005 2197 1027 2232; x_wconf 93' lang='lat'><strong>„</strong></span> <span class='ocrx_word' id='word_1_316' title='bbox 1050 2157 1193 2236; x_wconf 79' lang='lat' dir='ltr'>integram</span> <span class='ocrx_word' id='word_1_317' title='bbox 1225 2152 1437 2248; x_wconf 77' lang='lat' dir='ltr'>eleemosynam</span> <span class='ocrx_word' id='word_1_318' title='bbox 1469 2156 1532 2230; x_wconf 87' lang='lat' dir='ltr'>iis,</span> <span class='ocrx_word' id='word_1_319' title='bbox 1563 2155 1668 2235; x_wconf 84' lang='lat' dir='ltr'>quibus</span> <span class='ocrx_word' id='word_1_320' title='bbox 1698 2156 1801 2224; x_wconf 81' lang='lat' dir='ltr'>Missas</span> 
     </span>
     <span class='ocr_line' id='line_1_27' title="bbox 172 2233 1798 2332; baseline 0 -32"><span class='ocrx_word' id='word_1_321' title='bbox 172 2282 195 2315; x_wconf 91' lang='lat'>„</span> <span class='ocrx_word' id='word_1_322' title='bbox 216 2234 404 2332; x_wconf 72' lang='lat' dir='ltr'>eleemosyna</span> <span class='ocrx_word' id='word_1_323' title='bbox 426 2233 593 2318; x_wconf 71' lang='lat' dir='ltr'>prescripta</span> <span class='ocrx_word' id='word_1_324' title='bbox 615 2234 742 2308; x_wconf 79' lang='lat' dir='ltr'>suetint3</span> <span class='ocrx_word' id='word_1_325' title='bbox 1005 2279 1027 2312; x_wconf 88' lang='lat'>,‚</span> <span class='ocrx_word' id='word_1_326' title='bbox 1048 2235 1231 2303; x_wconf 73' lang='lat' dir='ltr'>celebrandas</span> <span class='ocrx_word' id='word_1_327' title='bbox 1251 2250 1465 2305; x_wconf 74' lang='lat' dir='ltr'>committunr3</span> <span class='ocrx_word' id='word_1_328' title='bbox 1488 2239 1534 2299; x_wconf 76' lang='lat' dir='ltr'>An</span> <span class='ocrx_word' id='word_1_329' title='bbox 1557 2254 1626 2299; x_wconf 87' lang='lat' dir='ltr'>veto</span> <span class='ocrx_word' id='word_1_330' title='bbox 1650 2235 1718 2301; x_wconf 86' lang='lat' dir='ltr'>satis</span> <span class='ocrx_word' id='word_1_331' title='bbox 1738 2238 1798 2314; x_wconf 85' lang='lat' dir='ltr'>stt,</span> 
     </span>
     <span class='ocr_line' id='line_1_28' title="bbox 214 2312 1799 2401; baseline -0.002 -22"><span class='ocrx_word' id='word_1_332' title='bbox 214 2362 235 2393; x_wconf 92' lang='lat'>„</span> <span class='ocrx_word' id='word_1_333' title='bbox 257 2318 431 2393; x_wconf 78' lang='lat' dir='ltr'>Quaestor,</span> <span class='ocrx_word' id='word_1_334' title='bbox 462 2336 497 2379; x_wconf 86' lang='lat' dir='ltr'>an</span> <span class='ocrx_word' id='word_1_335' title='bbox 519 2317 607 2379; x_wconf 85' lang='lat' dir='ltr'>verba</span> <span class='ocrx_word' id='word_1_336' title='bbox 627 2313 678 2379; x_wconf 88' lang='lat' dir='ltr'>illa</span> <span class='ocrx_word' id='word_1_337' title='bbox 699 2316 885 2398; x_wconf 54' lang='lat' dir='ltr'>(suscripta</span> <span class='ocrx_word' id='word_1_338' title='bbox 902 2318 965 2397; x_wconf 79' lang='lat' dir='ltr'>fue·</span> <span class='ocrx_word' id='word_1_339' title='bbox 1005 2360 1029 2394; x_wconf 91' lang='lat'><strong>„</strong></span> <span class='ocrx_word' id='word_1_340' title='bbox 1049 2332 1083 2379; x_wconf 90' lang='lat' dir='ltr'>ur</span> <span class='ocrx_word' id='word_1_341' title='bbox 1103 2312 1173 2401; x_wconf 76' lang='lat' dir='ltr'>dent</span> <span class='ocrx_word' id='word_1_342' title='bbox 1201 2314 1410 2382; x_wconf 82' lang='lat' dir='ltr'>celebrantibus</span> <span class='ocrx_word' id='word_1_343' title='bbox 1430 2314 1644 2397; x_wconf 82' lang='lat' dir='ltr'>eleemosynam</span> <span class='ocrx_word' id='word_1_344' title='bbox 1684 2316 1799 2381; x_wconf 57' lang='lat' dir='ltr'>consue,</span> 
     </span>
     <span class='ocr_line' id='line_1_29' title="bbox 174 2395 1587 2480; baseline -0.004 -21"><span class='ocrx_word' id='word_1_345' title='bbox 174 2424 196 2475; x_wconf 90' lang='lat'>„·</span> <span class='ocrx_word' id='word_1_346' title='bbox 217 2400 301 2475; x_wconf 81' lang='lat' dir='ltr'>rint)</span> <span class='ocrx_word' id='word_1_347' title='bbox 332 2395 518 2478; x_wconf 83' lang='lat' dir='ltr'>intelligenda</span> <span class='ocrx_word' id='word_1_348' title='bbox 540 2397 594 2460; x_wconf 79' lang='lat' dir='ltr'>sint</span> <span class='ocrx_word' id='word_1_349' title='bbox 626 2396 661 2460; x_wconf 88' lang='lat' dir='ltr'>de</span> <span class='ocrx_word' id='word_1_350' title='bbox 681 2395 893 2480; x_wconf 78' lang='lat' dir='ltr'>prescriptione</span> <span class='ocrx_word' id='word_1_351' title='bbox 922 2396 964 2460; x_wconf 85' lang='lat' dir='ltr'>sa·</span> <span class='ocrx_word' id='word_1_352' title='bbox 1005 2439 1028 2473; x_wconf 89' lang='lat'>,‚</span> <span class='ocrx_word' id='word_1_353' title='bbox 1048 2405 1135 2479; x_wconf 51' lang='lat' dir='ltr'>rattr‘i¹</span> <span class='ocrx_word' id='word_1_354' title='bbox 1584 2448 1587 2453; x_wconf 77' lang='grc'>,</span> 
     </span>
     <span class='ocr_line' id='line_1_30' title="bbox 175 2474 1801 2560; baseline -0.001 -22"><span class='ocrx_word' id='word_1_355' title='bbox 175 2523 197 2556; x_wconf 87' lang='lat'>‚,</span> <span class='ocrx_word' id='word_1_356' title='bbox 219 2478 265 2540; x_wconf 73' lang='lat' dir='ltr'>sla</span> <span class='ocrx_word' id='word_1_357' title='bbox 284 2476 514 2552; x_wconf 58' lang='lat' dir='ltr'>emmanu,</span> <span class='ocrx_word' id='word_1_358' title='bbox 531 2477 576 2542; x_wconf 85' lang='lat' dir='ltr'>vel</span> <span class='ocrx_word' id='word_1_359' title='bbox 599 2476 635 2540; x_wconf 87' lang='lat' dir='ltr'>ab</span> <span class='ocrx_word' id='word_1_360' title='bbox 654 2476 834 2540; x_wconf 82' lang='lat' dir='ltr'>Ordinatio?</span> <span class='ocrx_word' id='word_1_361' title='bbox 1042 2522 1066 2554; x_wconf 88' lang='lat'><strong>„</strong></span> <span class='ocrx_word' id='word_1_362' title='bbox 1089 2475 1271 2549; x_wconf 70' lang='lat' dir='ltr'>Undecimo,</span> <span class='ocrx_word' id='word_1_363' title='bbox 1293 2477 1376 2560; x_wconf 85' lang='lat' dir='ltr'>supet</span> <span class='ocrx_word' id='word_1_364' title='bbox 1396 2477 1502 2558; x_wconf 87' lang='lat' dir='ltr'>quinto</span> <span class='ocrx_word' id='word_1_365' title='bbox 1523 2474 1647 2548; x_wconf 80' lang='lat' dir='ltr'>eiusdem</span> <span class='ocrx_word' id='word_1_366' title='bbox 1669 2477 1801 2556; x_wconf 78' lang='lat' dir='ltr'>Congre-</span> 
     </span>
     <span class='ocr_line' id='line_1_31' title="bbox 216 2546 1824 2651; baseline 0 -32"><span class='ocrx_word' id='word_1_367' title='bbox 216 2602 236 2637; x_wconf 89' lang='lat'>„</span> <span class='ocrx_word' id='word_1_368' title='bbox 259 2546 394 2634; x_wconf 81' lang='lat' dir='ltr'>Tertio,</span> <span class='ocrx_word' id='word_1_369' title='bbox 423 2577 459 2620; x_wconf 92' lang='lat' dir='ltr'>ao</span> <span class='ocrx_word' id='word_1_370' title='bbox 482 2577 549 2619; x_wconf 90' lang='lat' dir='ltr'>cum</span> <span class='ocrx_word' id='word_1_371' title='bbox 570 2555 739 2618; x_wconf 83' lang='lat' dir='ltr'>ordinatius</span> <span class='ocrx_word' id='word_1_372' title='bbox 768 2555 965 2640; x_wconf 82' lang='lat' dir='ltr'>praescripserit</span> <span class='ocrx_word' id='word_1_373' title='bbox 1005 2602 1028 2634; x_wconf 91' lang='lat'>„</span> <span class='ocrx_word' id='word_1_374' title='bbox 1049 2557 1176 2651; x_wconf 69' lang='lat' dir='ltr'>gationis</span> <span class='ocrx_word' id='word_1_375' title='bbox 1196 2557 1343 2631; x_wconf 88' lang='lat' dir='ltr'>decreto,</span> <span class='ocrx_word' id='word_1_376' title='bbox 1374 2577 1432 2638; x_wconf 94' lang='lat' dir='ltr'>quo</span> <span class='ocrx_word' id='word_1_377' title='bbox 1455 2556 1529 2619; x_wconf 90' lang='lat' dir='ltr'>inrer</span> <span class='ocrx_word' id='word_1_378' title='bbox 1550 2574 1644 2621; x_wconf 89' lang='lat' dir='ltr'>cetera</span> <span class='ocrx_word' id='word_1_379' title='bbox 1664 2557 1824 2635; x_wconf 80' lang='lat' dir='ltr'>statuitur·</span> 
     </span>
     <span class='ocr_line' id='line_1_32' title="bbox 177 2636 1797 2777; baseline -0.001 -75"><span class='ocrx_word' id='word_1_380' title='bbox 177 2680 198 2714; x_wconf 84' lang='lat'>‚‚</span> <span class='ocrx_word' id='word_1_381' title='bbox 218 2636 428 2777; x_wconf 68' lang='lat' dir='ltr'>eleemospnam</span> <span class='ocrx_word' id='word_1_382' title='bbox 453 2655 609 2718; x_wconf 81' lang='lat' dir='ltr'>congruam</span> <span class='ocrx_word' id='word_1_383' title='bbox 630 2638 713 2708; x_wconf 83' lang='lat' dir='ltr'>jutta</span> <span class='ocrx_word' id='word_1_384' title='bbox 732 2636 903 2714; x_wconf 82' lang='lat' dir='ltr'>qualitatem</span> <span class='ocrx_word' id='word_1_385' title='bbox 923 2637 963 2699; x_wconf 90' lang='lat' dir='ltr'>lo·</span> <span class='ocrx_word' id='word_1_386' title='bbox 1006 2681 1027 2713; x_wconf 94' lang='lat'>„</span> <span class='ocrx_word' id='word_1_387' title='bbox 1051 2658 1079 2697; x_wconf 90' lang='lat' dir='ltr'>tn</span> <span class='ocrx_word' id='word_1_388' title='bbox 1102 2638 1161 2698; x_wconf 81' lang='lat' dir='ltr'>hac</span> <span class='ocrx_word' id='word_1_389' title='bbox 1182 2636 1269 2699; x_wconf 81' lang='lat' dir='ltr'>verba</span> <span class='ocrx_word' id='word_1_390' title='bbox 1290 2636 1444 2715; x_wconf 84' lang='lat' dir='ltr'>(eleemos</span> <span class='ocrx_word' id='word_1_391' title='bbox 1462 2658 1511 2698; x_wconf 88' lang='lat' dir='ltr'>nas</span> <span class='ocrx_word' id='word_1_392' title='bbox 1532 2658 1600 2699; x_wconf 85' lang='lat' dir='ltr'>vero</span> <span class='ocrx_word' id='word_1_393' title='bbox 1623 2637 1797 2713; x_wconf 87' lang='lat' dir='ltr'>manuales,</span> 
     </span>
     <span class='ocr_line' id='line_1_33' title="bbox 177 2660 1800 2800; baseline 0.001 -20"><span class='ocrx_word' id='word_1_394' title='bbox 177 2760 199 2792; x_wconf 85' lang='lat'>„</span> <span class='ocrx_word' id='word_1_395' title='bbox 221 2718 268 2793; x_wconf 90' lang='lat' dir='ltr'>ci,</span> <span class='ocrx_word' id='word_1_396' title='bbox 291 2737 340 2800; x_wconf 88' lang='lat' dir='ltr'>per</span> <span class='ocrx_word' id='word_1_397' title='bbox 352 2736 471 2779; x_wconf 85' lang='lat' dir='ltr'>onasum</span> <span class='ocrx_word' id='word_1_398' title='bbox 493 2760 502 2790; x_wconf 92' lang='lat'>‚</span> <span class='ocrx_word' id='word_1_399' title='bbox 524 2737 557 2778; x_wconf 88' lang='lat' dir='ltr'>ac</span> <span class='ocrx_word' id='word_1_400' title='bbox 579 2732 745 2797; x_wconf 87' lang='lat' dir='ltr'>tempotum</span> <span class='ocrx_word' id='word_1_401' title='bbox 769 2760 779 2791; x_wconf 89' lang='lat'>,</span> <span class='ocrx_word' id='word_1_402' title='bbox 802 2716 967 2779; x_wconf 81' lang='lat' dir='ltr'>Sacerdotes</span> <span class='ocrx_word' id='word_1_403' title='bbox 1006 2759 1028 2792; x_wconf 91' lang='lat'><strong>„</strong></span> <span class='ocrx_word' id='word_1_404' title='bbox 1049 2716 1081 2778; x_wconf 77' lang='grc' dir='ltr'>δι</span> <span class='ocrx_word' id='word_1_405' title='bbox 1109 2715 1296 2796; x_wconf 82' lang='lat' dir='ltr'>quotidianas</span> <span class='ocrx_word' id='word_1_406' title='bbox 1324 2734 1376 2798; x_wconf 85' lang='lat' dir='ltr'>pro</span> <span class='ocrx_word' id='word_1_407' title='bbox 1406 2660 1506 2778; x_wconf 64' lang='lat' dir='ltr'>ubilis</span> <span class='ocrx_word' id='word_1_408' title='bbox 1535 2716 1735 2795; x_wconf 85' lang='lat' dir='ltr'>celebrandis)</span> <span class='ocrx_word' id='word_1_409' title='bbox 1756 2717 1800 2784; x_wconf 83' lang='lat' dir='ltr'>ita</span> 
     </span>
     <span class='ocr_line' id='line_1_34' title="bbox 173 2793 1801 2881; baseline 0.001 -20"><span class='ocrx_word' id='word_1_410' title='bbox 173 2841 198 2873; x_wconf 87' lang='lat'>‚,</span> <span class='ocrx_word' id='word_1_411' title='bbox 221 2798 394 2881; x_wconf 78' lang='lat' dir='ltr'>accipientes</span> <span class='ocrx_word' id='word_1_412' title='bbox 414 2795 586 2876; x_wconf 88' lang='lat' dir='ltr'>slipendium</span> <span class='ocrx_word' id='word_1_413' title='bbox 618 2796 713 2858; x_wconf 87' lang='lat' dir='ltr'>minut</span> <span class='ocrx_word' id='word_1_414' title='bbox 735 2813 889 2877; x_wconf 81' lang='lat' dir='ltr'>congruo,</span> <span class='ocrx_word' id='word_1_415' title='bbox 925 2813 966 2859; x_wconf 71' lang='lat' dir='ltr'>re</span> <span class='ocrx_word' id='word_1_416' title='bbox 1006 2839 1027 2872; x_wconf 89' lang='lat'><strong>„</strong></span> <span class='ocrx_word' id='word_1_417' title='bbox 1050 2798 1166 2858; x_wconf 84' lang='lat' dir='ltr'>demum</span> <span class='ocrx_word' id='word_1_418' title='bbox 1189 2795 1275 2859; x_wconf 92' lang='lat' dir='ltr'>iidem</span> <span class='ocrx_word' id='word_1_419' title='bbox 1308 2797 1435 2878; x_wconf 91' lang='lat' dir='ltr'>accipere</span> <span class='ocrx_word' id='word_1_420' title='bbox 1455 2793 1590 2875; x_wconf 80' lang='lat' dir='ltr'>possint,</span> <span class='ocrx_word' id='word_1_421' title='bbox 1616 2797 1801 2863; x_wconf 73' lang='lat' dir='ltr'>uentribus</span> 
     </span>
     <span class='ocr_line' id='line_1_35' title="bbox 175 2872 1799 2958; baseline 0.002 -18"><span class='ocrx_word' id='word_1_422' title='bbox 175 2919 197 2951; x_wconf 89' lang='lat'>‚,</span> <span class='ocrx_word' id='word_1_423' title='bbox 219 2895 342 2942; x_wconf 83' lang='lat' dir='ltr'>neantur</span> <span class='ocrx_word' id='word_1_424' title='bbox 363 2874 465 2945; x_wconf 81' lang='lat' dir='ltr'>Missas</span> <span class='ocrx_word' id='word_1_425' title='bbox 488 2875 547 2938; x_wconf 85' lang='lat' dir='ltr'>illis</span> <span class='ocrx_word' id='word_1_426' title='bbox 566 2874 603 2937; x_wconf 91' lang='lat' dir='ltr'>ab</span> <span class='ocrx_word' id='word_1_427' title='bbox 620 2872 768 2938; x_wconf 79' lang='lat' dir='ltr'>Olsetente</span> <span class='ocrx_word' id='word_1_428' title='bbox 788 2874 968 2958; x_wconf 76' lang='lat' dir='ltr'>praescriptas</span> <span class='ocrx_word' id='word_1_429' title='bbox 1006 2918 1030 2952; x_wconf 91' lang='lat'><strong>„</strong></span> <span class='ocrx_word' id='word_1_430' title='bbox 1049 2892 1134 2939; x_wconf 83' lang='lat' dir='ltr'>antea</span> <span class='ocrx_word' id='word_1_431' title='bbox 1161 2874 1306 2958; x_wconf 85' lang='lat' dir='ltr'>impositis</span> <span class='ocrx_word' id='word_1_432' title='bbox 1336 2876 1379 2938; x_wconf 89' lang='lat' dir='ltr'>ita</span> <span class='ocrx_word' id='word_1_433' title='bbox 1407 2874 1625 2951; x_wconf 82' lang='lat' dir='ltr'>satisfecerint,</span> <span class='ocrx_word' id='word_1_434' title='bbox 1655 2892 1688 2939; x_wconf 92' lang='lat' dir='ltr'>ut</span> <span class='ocrx_word' id='word_1_435' title='bbox 1722 2897 1799 2945; x_wconf 82' lang='lat' dir='ltr'>octa</span> 
     </span>
     <span class='ocr_line' id='line_1_36' title="bbox 176 2953 1799 3039; baseline -0.001 -17"><span class='ocrx_word' id='word_1_436' title='bbox 176 3000 198 3033; x_wconf 88' lang='lat'>‚,</span> <span class='ocrx_word' id='word_1_437' title='bbox 220 2955 383 3024; x_wconf 78' lang='lat' dir='ltr'>celebrares</span> <span class='ocrx_word' id='word_1_438' title='bbox 1007 2997 1029 3030; x_wconf 92' lang='lat'>„</span> <span class='ocrx_word' id='word_1_439' title='bbox 1050 2974 1165 3037; x_wconf 88' lang='lat' dir='ltr'>quoque</span> <span class='ocrx_word' id='word_1_440' title='bbox 1184 2975 1273 3018; x_wconf 87' lang='lat' dir='ltr'>onera</span> <span class='ocrx_word' id='word_1_441' title='bbox 1292 2953 1372 3018; x_wconf 87' lang='lat' dir='ltr'>obite</span> <span class='ocrx_word' id='word_1_442' title='bbox 1393 2954 1528 3018; x_wconf 89' lang='lat' dir='ltr'>valeant:</span> <span class='ocrx_word' id='word_1_443' title='bbox 1551 2955 1799 3039; x_wconf 82' lang='lat' dir='ltr'>Alioquinomni·</span> 
     </span>
     <span class='ocr_line' id='line_1_37' title="bbox 215 3032 1798 3116; baseline 0.001 -18"><span class='ocrx_word' id='word_1_444' title='bbox 215 3082 237 3114; x_wconf 89' lang='lat'>„</span> <span class='ocrx_word' id='word_1_445' title='bbox 259 3040 392 3113; x_wconf 87' lang='lat' dir='ltr'>Quarto,</span> <span class='ocrx_word' id='word_1_446' title='bbox 415 3057 450 3099; x_wconf 88' lang='lat' dir='ltr'>an</span> <span class='ocrx_word' id='word_1_447' title='bbox 461 3036 643 3112; x_wconf 86' lang='lat' dir='ltr'>Sacerdotes,</span> <span class='ocrx_word' id='word_1_448' title='bbox 687 3035 715 3099; x_wconf 92' lang='lat' dir='ltr'>ui</span> <span class='ocrx_word' id='word_1_449' title='bbox 738 3051 872 3100; x_wconf 89' lang='lat' dir='ltr'>tenentur</span> <span class='ocrx_word' id='word_1_450' title='bbox 890 3032 966 3097; x_wconf 90' lang='lat' dir='ltr'>Mis-</span> <span class='ocrx_word' id='word_1_451' title='bbox 1008 3078 1029 3111; x_wconf 90' lang='lat'>„</span> <span class='ocrx_word' id='word_1_452' title='bbox 1052 3054 1090 3098; x_wconf 96' lang='lat' dir='ltr'>no</span> <span class='ocrx_word' id='word_1_453' title='bbox 1116 3034 1276 3098; x_wconf 78' lang='lat' dir='ltr'>abstineant</span> <span class='ocrx_word' id='word_1_454' title='bbox 1306 3035 1342 3096; x_wconf 89' lang='lat' dir='ltr'>ab</span> <span class='ocrx_word' id='word_1_455' title='bbox 1372 3033 1536 3109; x_wconf 78' lang='lat' dir='ltr'>hujusmodi</span> <span class='ocrx_word' id='word_1_456' title='bbox 1579 3035 1798 3116; x_wconf 80' lang='lat' dir='ltr'>eleemosynis,</span> 
     </span>
     <span class='ocr_line' id='line_1_38' title="bbox 175 3111 1799 3199; baseline 0.001 -20"><span class='ocrx_word' id='word_1_457' title='bbox 175 3158 196 3192; x_wconf 88' lang='lat'>‚,</span> <span class='ocrx_word' id='word_1_458' title='bbox 218 3118 261 3181; x_wconf 86' lang='lat' dir='ltr'>sas</span> <span class='ocrx_word' id='word_1_459' title='bbox 280 3116 422 3181; x_wconf 88' lang='lat' dir='ltr'>celebrare</span> <span class='ocrx_word' id='word_1_460' title='bbox 453 3118 565 3180; x_wconf 89' lang='lat' dir='ltr'>ratione</span> <span class='ocrx_word' id='word_1_461' title='bbox 589 3117 646 3180; x_wconf 89' lang='lat' dir='ltr'>Ben</span> <span class='ocrx_word' id='word_1_462' title='bbox 685 3115 751 3191; x_wconf 91' lang='lat' dir='ltr'>cii,</span> <span class='ocrx_word' id='word_1_463' title='bbox 784 3115 830 3179; x_wconf 89' lang='lat' dir='ltr'>seu</span> <span class='ocrx_word' id='word_1_464' title='bbox 862 3113 965 3196; x_wconf 85' lang='lat' dir='ltr'>Capel·</span> <span class='ocrx_word' id='word_1_465' title='bbox 1008 3159 1029 3192; x_wconf 91' lang='lat'>„</span> <span class='ocrx_word' id='word_1_466' title='bbox 1051 3115 1139 3178; x_wconf 88' lang='lat' dir='ltr'>etiam</span> <span class='ocrx_word' id='word_1_467' title='bbox 1162 3111 1263 3199; x_wconf 85' lang='lat' dir='ltr'>sponte</span> <span class='ocrx_word' id='word_1_468' title='bbox 1283 3113 1389 3178; x_wconf 87' lang='lat' dir='ltr'>oblatis</span> <span class='ocrx_word' id='word_1_469' title='bbox 1407 3140 1427 3191; x_wconf 87' lang='lat'>,·</span> <span class='ocrx_word' id='word_1_470' title='bbox 1457 3116 1488 3176; x_wconf 72' lang='lat' dir='ltr'>in&#39;</span> <span class='ocrx_word' id='word_1_471' title='bbox 1508 3113 1637 3179; x_wconf 87' lang='lat' dir='ltr'>sutorum</span> <span class='ocrx_word' id='word_1_472' title='bbox 1660 3116 1799 3199; x_wconf 88' lang='lat' dir='ltr'>recipien-</span> 
     </span>
     <span class='ocr_line' id='line_1_39' title="bbox 176 3194 1610 3279; baseline -0.001 -19"><span class='ocrx_word' id='word_1_473' title='bbox 176 3239 197 3272; x_wconf 90' lang='lat'>‚‚</span> <span class='ocrx_word' id='word_1_474' title='bbox 219 3199 271 3272; x_wconf 83' lang='lat' dir='ltr'>la,</span> <span class='ocrx_word' id='word_1_475' title='bbox 296 3197 428 3279; x_wconf 79' lang='lat' dir='ltr'>Legati,</span> <span class='ocrx_word' id='word_1_476' title='bbox 450 3213 499 3259; x_wconf 86' lang='lat' dir='ltr'>aut</span> <span class='ocrx_word' id='word_1_477' title='bbox 521 3195 634 3272; x_wconf 85' lang='lat' dir='ltr'>salarii,</span> <span class='ocrx_word' id='word_1_478' title='bbox 694 3194 760 3257; x_wconf 87' lang='lat' dir='ltr'>slint</span> <span class='ocrx_word' id='word_1_479' title='bbox 781 3197 870 3260; x_wconf 86' lang='lat' dir='ltr'>etiam</span> <span class='ocrx_word' id='word_1_480' title='bbox 906 3216 967 3258; x_wconf 89' lang='lat' dir='ltr'>ma·</span> <span class='ocrx_word' id='word_1_481' title='bbox 1007 3238 1029 3272; x_wconf 90' lang='lat'>,‚</span> <span class='ocrx_word' id='word_1_482' title='bbox 1051 3196 1112 3269; x_wconf 87' lang='lat' dir='ltr'>dis,</span> <span class='ocrx_word' id='word_1_483' title='bbox 1134 3197 1165 3258; x_wconf 71' lang='grc' dir='ltr'>ἃ</span> <span class='ocrx_word' id='word_1_484' title='bbox 1183 3195 1312 3279; x_wconf 85' lang='lat' dir='ltr'>capsulas</span> <span class='ocrx_word' id='word_1_485' title='bbox 1334 3194 1473 3259; x_wconf 86' lang='lat' dir='ltr'>auferant.</span> <span class='ocrx_word' id='word_1_486' title='bbox 1484 3196 1542 3258; x_wconf 78' lang='lat' dir='ltr'>otc.</span> <span class='ocrx_word' id='word_1_487' title='bbox 1607 3226 1610 3227; x_wconf 38' lang='lat'><em>⁷</em></span> 
     </span>
     <span class='ocr_line' id='line_1_40' title="bbox 177 3274 1799 3372; baseline -0.001 -31"><span class='ocrx_word' id='word_1_488' title='bbox 177 3318 198 3352; x_wconf 85' lang='lat'>„</span> <span class='ocrx_word' id='word_1_489' title='bbox 220 3279 336 3343; x_wconf 85' lang='lat' dir='ltr'>nualem</span> <span class='ocrx_word' id='word_1_490' title='bbox 359 3275 571 3372; x_wconf 76' lang='lat' dir='ltr'>eleemosynam</span> <span class='ocrx_word' id='word_1_491' title='bbox 592 3297 645 3361; x_wconf 88' lang='lat' dir='ltr'>pro</span> <span class='ocrx_word' id='word_1_492' title='bbox 696 3275 895 3348; x_wconf 80' lang='lat' dir='ltr'>isstssotitis,</span> <span class='ocrx_word' id='word_1_493' title='bbox 919 3291 968 3340; x_wconf 88' lang='lat' dir='ltr'>aut</span> <span class='ocrx_word' id='word_1_494' title='bbox 1047 3321 1068 3352; x_wconf 92' lang='lat'>„</span> <span class='ocrx_word' id='word_1_495' title='bbox 1089 3277 1267 3354; x_wconf 80' lang='lat' dir='ltr'>Quaritur,</span> <span class='ocrx_word' id='word_1_496' title='bbox 1299 3296 1336 3338; x_wconf 90' lang='lat' dir='ltr'>an</span> <span class='ocrx_word' id='word_1_497' title='bbox 1368 3274 1424 3338; x_wconf 92' lang='lat' dir='ltr'>boc</span> <span class='ocrx_word' id='word_1_498' title='bbox 1455 3275 1611 3339; x_wconf 87' lang='lat' dir='ltr'>Decretum</span> <span class='ocrx_word' id='word_1_499' title='bbox 1646 3276 1799 3359; x_wconf 78' lang='lat' dir='ltr'>probibeat</span> 
     </span>
     <span class='ocr_line' id='line_1_41' title="bbox 177 3355 1800 3440; baseline -0.001 -19"><span class='ocrx_word' id='word_1_500' title='bbox 177 3400 200 3434; x_wconf 67' lang='lat'>2,</span> <span class='ocrx_word' id='word_1_501' title='bbox 220 3358 419 3422; x_wconf 73' lang='lat' dir='ltr'>desundlorum</span> <span class='ocrx_word' id='word_1_502' title='bbox 443 3377 585 3440; x_wconf 79' lang='lat' dir='ltr'>recipere,</span> <span class='ocrx_word' id='word_1_503' title='bbox 607 3359 638 3421; x_wconf 80' lang='grc' dir='ltr'>δι</span> <span class='ocrx_word' id='word_1_504' title='bbox 658 3359 744 3421; x_wconf 90' lang='lat' dir='ltr'>unico</span> <span class='ocrx_word' id='word_1_505' title='bbox 764 3357 860 3421; x_wconf 78' lang='lat' dir='ltr'>Miffa</span> <span class='ocrx_word' id='word_1_506' title='bbox 877 3357 968 3420; x_wconf 79' lang='lat' dir='ltr'>Secti·</span> <span class='ocrx_word' id='word_1_507' title='bbox 1010 3398 1030 3431; x_wconf 84' lang='lat'>„</span> <span class='ocrx_word' id='word_1_508' title='bbox 1053 3355 1208 3432; x_wconf 83' lang='lat' dir='ltr'>absolute,</span> <span class='ocrx_word' id='word_1_509' title='bbox 1241 3377 1301 3439; x_wconf 91' lang='lat' dir='ltr'>quo</span> <span class='ocrx_word' id='word_1_510' title='bbox 1323 3355 1419 3419; x_wconf 80' lang='lat' dir='ltr'>minuc</span> <span class='ocrx_word' id='word_1_511' title='bbox 1439 3356 1584 3439; x_wconf 90' lang='lat' dir='ltr'>accipiant</span> <span class='ocrx_word' id='word_1_512' title='bbox 1604 3373 1696 3419; x_wconf 82' lang='lat' dir='ltr'>nouas</span> <span class='ocrx_word' id='word_1_513' title='bbox 1729 3356 1800 3425; x_wconf 87' lang='lat' dir='ltr'>elee-</span> 
     </span>
     <span class='ocr_line' id='line_1_42' title="bbox 180 3434 1799 3522; baseline -0.001 -21"><span class='ocrx_word' id='word_1_514' title='bbox 180 3479 202 3514; x_wconf 87' lang='lat'>‚‚</span> <span class='ocrx_word' id='word_1_515' title='bbox 222 3440 290 3502; x_wconf 87' lang='lat' dir='ltr'>licio</span> <span class='ocrx_word' id='word_1_516' title='bbox 311 3440 425 3522; x_wconf 88' lang='lat' dir='ltr'>utrique</span> <span class='ocrx_word' id='word_1_517' title='bbox 444 3441 525 3503; x_wconf 90' lang='lat' dir='ltr'>oneri</span> <span class='ocrx_word' id='word_1_518' title='bbox 549 3436 727 3503; x_wconf 75' lang='lat' dir='ltr'>satisfacere?</span> <span class='ocrx_word' id='word_1_519' title='bbox 1010 3479 1031 3510; x_wconf 92' lang='lat'>„</span> <span class='ocrx_word' id='word_1_520' title='bbox 1053 3434 1188 3517; x_wconf 85' lang='lat' dir='ltr'>mosynas</span> <span class='ocrx_word' id='word_1_521' title='bbox 1209 3436 1258 3512; x_wconf 89' lang='lat' dir='ltr'>ii,</span> <span class='ocrx_word' id='word_1_522' title='bbox 1279 3436 1330 3518; x_wconf 91' lang='lat' dir='ltr'>qui</span> <span class='ocrx_word' id='word_1_523' title='bbox 1350 3436 1476 3519; x_wconf 84' lang='lat' dir='ltr'>acceptis</span> <span class='ocrx_word' id='word_1_524' title='bbox 1497 3456 1554 3498; x_wconf 89' lang='lat' dir='ltr'>oon</span> <span class='ocrx_word' id='word_1_525' title='bbox 1577 3434 1769 3500; x_wconf 75' lang='lat' dir='ltr'>satisfecerunt</span> <span class='ocrx_word' id='word_1_526' title='bbox 1789 3480 1799 3515; x_wconf 93' lang='lat'>,</span> 
     </span>
     <span class='ocr_line' id='line_1_43' title="bbox 221 3513 1801 3602; baseline -0.003 -20"><span class='ocrx_word' id='word_1_527' title='bbox 221 3564 241 3597; x_wconf 90' lang='lat'>,‚</span> <span class='ocrx_word' id='word_1_528' title='bbox 263 3520 394 3596; x_wconf 88' lang='lat' dir='ltr'>Quinto,</span> <span class='ocrx_word' id='word_1_529' title='bbox 418 3520 531 3602; x_wconf 78' lang='lat' dir='ltr'>posito,</span> <span class='ocrx_word' id='word_1_530' title='bbox 550 3522 627 3601; x_wconf 88' lang='lat' dir='ltr'>quod</span> <span class='ocrx_word' id='word_1_531' title='bbox 647 3519 781 3582; x_wconf 80' lang='lat' dir='ltr'>Testatos</span> <span class='ocrx_word' id='word_1_532' title='bbox 803 3518 968 3600; x_wconf 87' lang='lat' dir='ltr'>relinquat,</span> <span class='ocrx_word' id='word_1_533' title='bbox 1011 3558 1032 3591; x_wconf 88' lang='lat'><strong>„</strong></span> <span class='ocrx_word' id='word_1_534' title='bbox 1054 3517 1085 3579; x_wconf 78' lang='lat' dir='ltr'>dr</span> <span class='ocrx_word' id='word_1_535' title='bbox 1104 3517 1194 3598; x_wconf 92' lang='lat' dir='ltr'>quid,</span> <span class='ocrx_word' id='word_1_536' title='bbox 1227 3516 1393 3599; x_wconf 77' lang='lat' dir='ltr'>licongtuo</span> <span class='ocrx_word' id='word_1_537' title='bbox 1414 3536 1546 3600; x_wconf 79' lang='lat' dir='ltr'>teutpote</span> <span class='ocrx_word' id='word_1_538' title='bbox 1566 3513 1684 3599; x_wconf 37' lang='lat' dir='ltr'>possint,</span> <span class='ocrx_word' id='word_1_539' title='bbox 1700 3515 1801 3581; x_wconf 90' lang='lat' dir='ltr'>omni·</span> 
     </span>
     <span class='ocr_line' id='line_1_44' title="bbox 178 3594 1305 3682; baseline -0.005 -20"><span class='ocrx_word' id='word_1_540' title='bbox 178 3642 202 3676; x_wconf 86' lang='lat'><strong>„</strong></span> <span class='ocrx_word' id='word_1_541' title='bbox 225 3616 257 3662; x_wconf 91' lang='lat' dir='ltr'>ut</span> <span class='ocrx_word' id='word_1_542' title='bbox 277 3601 452 3665; x_wconf 89' lang='lat' dir='ltr'>celebrentur</span> <span class='ocrx_word' id='word_1_543' title='bbox 472 3618 526 3682; x_wconf 89' lang='lat' dir='ltr'>pro</span> <span class='ocrx_word' id='word_1_544' title='bbox 549 3604 610 3673; x_wconf 86' lang='lat' dir='ltr'>ejus</span> <span class='ocrx_word' id='word_1_545' title='bbox 630 3600 742 3663; x_wconf 81' lang='lat' dir='ltr'>Anima</span> <span class='ocrx_word' id='word_1_546' title='bbox 761 3616 878 3661; x_wconf 88' lang='lat' dir='ltr'>centum</span> <span class='ocrx_word' id='word_1_547' title='bbox 895 3596 969 3662; x_wconf 88' lang='lat' dir='ltr'>Mis·</span> <span class='ocrx_word' id='word_1_548' title='bbox 1001 3626 1032 3671; x_wconf 86' lang='lat'>··,‚</span> <span class='ocrx_word' id='word_1_549' title='bbox 1053 3598 1106 3661; x_wconf 87' lang='lat' dir='ltr'>bus</span> <span class='ocrx_word' id='word_1_550' title='bbox 1128 3594 1305 3660; x_wconf 78' lang='lat' dir='ltr'>satisfacere?</span> 
     </span>
     <span class='ocr_line' id='line_1_45' title="bbox 179 3673 1797 3763; baseline -0.002 -21"><span class='ocrx_word' id='word_1_551' title='bbox 179 3723 202 3758; x_wconf 90' lang='lat'>„</span> <span class='ocrx_word' id='word_1_552' title='bbox 224 3679 257 3743; x_wconf 80' lang='lat' dir='ltr'>sa</span> <span class='ocrx_word' id='word_1_553' title='bbox 278 3678 380 3760; x_wconf 88' lang='lat' dir='ltr'>absque</span> <span class='ocrx_word' id='word_1_554' title='bbox 400 3679 459 3745; x_wconf 87' lang='lat' dir='ltr'>ulla</span> <span class='ocrx_word' id='word_1_555' title='bbox 479 3678 691 3763; x_wconf 80' lang='lat' dir='ltr'>prascriptione</span> <span class='ocrx_word' id='word_1_556' title='bbox 712 3679 921 3758; x_wconf 65' lang='lat' dir='ltr'>eleemosynae</span> <span class='ocrx_word' id='word_1_557' title='bbox 1051 3723 1071 3754; x_wconf 91' lang='lat'>„</span> <span class='ocrx_word' id='word_1_558' title='bbox 1094 3677 1277 3741; x_wconf 86' lang='lat' dir='ltr'>Duodecimn</span> <span class='ocrx_word' id='word_1_559' title='bbox 1295 3722 1304 3754; x_wconf 92' lang='lat'>,</span> <span class='ocrx_word' id='word_1_560' title='bbox 1325 3676 1423 3756; x_wconf 85' lang='lat' dir='ltr'>quid,</span> <span class='ocrx_word' id='word_1_561' title='bbox 1460 3678 1479 3739; x_wconf 81' lang='lat' dir='ltr'>fi</span> <span class='ocrx_word' id='word_1_562' title='bbox 1500 3673 1622 3741; x_wconf 80' lang='lat' dir='ltr'>offerens</span> <span class='ocrx_word' id='word_1_563' title='bbox 1641 3676 1797 3758; x_wconf 85' lang='lat' dir='ltr'>eleemosy-</span> 
     </span>
     <span class='ocr_line' id='line_1_46' title="bbox 222 3754 1802 3840; baseline -0.002 -17"><span class='ocrx_word' id='word_1_564' title='bbox 222 3804 242 3838; x_wconf 89' lang='lat'>„</span> <span class='ocrx_word' id='word_1_565' title='bbox 265 3762 438 3835; x_wconf 74' lang='lat' dir='ltr'>Quaeritur,</span> <span class='ocrx_word' id='word_1_566' title='bbox 473 3782 507 3822; x_wconf 85' lang='lat' dir='ltr'>an</span> <span class='ocrx_word' id='word_1_567' title='bbox 531 3761 652 3825; x_wconf 88' lang='lat' dir='ltr'>liberum</span> <span class='ocrx_word' id='word_1_568' title='bbox 675 3762 709 3825; x_wconf 90' lang='lat' dir='ltr'>stt</span> <span class='ocrx_word' id='word_1_569' title='bbox 730 3759 879 3824; x_wconf 87' lang='lat' dir='ltr'>heredibus</span> <span class='ocrx_word' id='word_1_570' title='bbox 897 3759 968 3824; x_wconf 88' lang='lat' dir='ltr'>elee-</span> <span class='ocrx_word' id='word_1_571' title='bbox 1008 3801 1030 3834; x_wconf 90' lang='lat'><strong>„</strong></span> <span class='ocrx_word' id='word_1_572' title='bbox 1053 3780 1121 3833; x_wconf 88' lang='lat' dir='ltr'>nas,</span> <span class='ocrx_word' id='word_1_573' title='bbox 1145 3758 1480 3840; x_wconf 82' lang='lat' dir='ltr'>audiroimpedimenro,</span> <span class='ocrx_word' id='word_1_574' title='bbox 1498 3754 1685 3832; x_wconf 75' lang='lat' dir='ltr'>consentiat,</span> <span class='ocrx_word' id='word_1_575' title='bbox 1706 3758 1802 3820; x_wconf 87' lang='lat' dir='ltr'>utSa·</span> 
     </span>
     <span class='ocr_line' id='line_1_47' title="bbox 181 3834 1800 3924; baseline -0.002 -21"><span class='ocrx_word' id='word_1_576' title='bbox 181 3885 203 3919; x_wconf 81' lang='lat'><strong>„</strong></span> <span class='ocrx_word' id='word_1_577' title='bbox 225 3840 377 3924; x_wconf 57' lang='lat' dir='ltr'>momnant</span> <span class='ocrx_word' id='word_1_578' title='bbox 410 3840 456 3905; x_wconf 77' lang='lat' dir='ltr'>sibi</span> <span class='ocrx_word' id='word_1_579' title='bbox 479 3844 549 3906; x_wconf 85' lang='lat' dir='ltr'>bene</span> <span class='ocrx_word' id='word_1_580' title='bbox 570 3841 662 3906; x_wconf 86' lang='lat' dir='ltr'>visam</span> <span class='ocrx_word' id='word_1_581' title='bbox 695 3838 900 3924; x_wconf 80' lang='lat' dir='ltr'>praescribere,</span> <span class='ocrx_word' id='word_1_582' title='bbox 933 3861 968 3901; x_wconf 84' lang='lat' dir='ltr'>an</span> <span class='ocrx_word' id='word_1_583' title='bbox 1010 3842 1031 3914; x_wconf 77' lang='lat'>,&#39;,</span> <span class='ocrx_word' id='word_1_584' title='bbox 1054 3838 1277 3903; x_wconf 82' lang='lat' dir='ltr'>cerdosMissam</span> <span class='ocrx_word' id='word_1_585' title='bbox 1300 3839 1421 3902; x_wconf 90' lang='lat' dir='ltr'>celebret</span> <span class='ocrx_word' id='word_1_586' title='bbox 1441 3859 1508 3901; x_wconf 90' lang='lat' dir='ltr'>cum</span> <span class='ocrx_word' id='word_1_587' title='bbox 1530 3834 1800 3920; x_wconf 79' lang='lat' dir='ltr'>primumporetiti</span> 
     </span>
     <span class='ocr_line' id='line_1_48' title="bbox 179 3916 1801 4007; baseline -0.004 -23"><span class='ocrx_word' id='word_1_588' title='bbox 179 3962 202 3998; x_wconf 87' lang='lat'>„</span> <span class='ocrx_word' id='word_1_589' title='bbox 224 3941 296 3986; x_wconf 90' lang='lat' dir='ltr'>vero</span> <span class='ocrx_word' id='word_1_590' title='bbox 316 3922 414 3985; x_wconf 89' lang='lat' dir='ltr'>eadem</span> <span class='ocrx_word' id='word_1_591' title='bbox 432 3921 617 4007; x_wconf 88' lang='lat' dir='ltr'>eleemosyna</span> <span class='ocrx_word' id='word_1_592' title='bbox 646 3922 848 4006; x_wconf 82' lang='lat' dir='ltr'>praescribenda</span> <span class='ocrx_word' id='word_1_593' title='bbox 880 3920 913 3984; x_wconf 82' lang='lat' dir='ltr'>fir</span> <span class='ocrx_word' id='word_1_594' title='bbox 934 3920 971 3984; x_wconf 83' lang='lat' dir='ltr'>ab</span> <span class='ocrx_word' id='word_1_595' title='bbox 1050 3965 1071 3997; x_wconf 89' lang='lat'>,‚</span> <span class='ocrx_word' id='word_1_596' title='bbox 1096 3918 1324 3994; x_wconf 86' lang='lat' dir='ltr'>Decimnrertio,</span> <span class='ocrx_word' id='word_1_597' title='bbox 1347 3916 1667 4000; x_wconf 66' lang='lat' dir='ltr'>toparcharum,</span> <span class='ocrx_word' id='word_1_598' title='bbox 1689 3920 1719 3979; x_wconf 77' lang='lat' dir='ltr'>dc</span> <span class='ocrx_word' id='word_1_599' title='bbox 1736 3916 1801 3980; x_wconf 80' lang='lat' dir='ltr'>alia</span> 
     </span>
     <span class='ocr_line' id='line_1_49' title="bbox 179 3996 1799 4096; baseline -0.002 -34"><span class='ocrx_word' id='word_1_600' title='bbox 179 4042 203 4079; x_wconf 89' lang='lat'>„</span> <span class='ocrx_word' id='word_1_601' title='bbox 223 4000 408 4066; x_wconf 86' lang='lat' dir='ltr'>Ordinatio?</span> <span class='ocrx_word' id='word_1_602' title='bbox 589 4016 594 4023; x_wconf 84' lang='grc'><strong>’</strong></span> <span class='ocrx_word' id='word_1_603' title='bbox 677 4022 681 4031; x_wconf 92' lang='grc'><em>·</em></span> <span class='ocrx_word' id='word_1_604' title='bbox 950 4044 956 4053; x_wconf 82' lang='lat'><em>·</em></span> <span class='ocrx_word' id='word_1_605' title='bbox 1011 4046 1032 4079; x_wconf 91' lang='lat'><strong>„</strong></span> <span class='ocrx_word' id='word_1_606' title='bbox 1053 3999 1188 4096; x_wconf 84' lang='lat' dir='ltr'>apposita</span> <span class='ocrx_word' id='word_1_607' title='bbox 1209 3997 1239 4059; x_wconf 93' lang='lat' dir='ltr'>in</span> <span class='ocrx_word' id='word_1_608' title='bbox 1260 3999 1359 4062; x_wconf 87' lang='lat' dir='ltr'>eodem</span> <span class='ocrx_word' id='word_1_609' title='bbox 1381 3999 1496 4064; x_wconf 86' lang='lat' dir='ltr'>decreto</span> <span class='ocrx_word' id='word_1_610' title='bbox 1516 3996 1643 4061; x_wconf 84' lang='lat' dir='ltr'>afficiant</span> <span class='ocrx_word' id='word_1_611' title='bbox 1660 4016 1722 4061; x_wconf 89' lang='lat' dir='ltr'>tam</span> <span class='ocrx_word' id='word_1_612' title='bbox 1731 4017 1799 4071; x_wconf 85' lang='lat' dir='ltr'>eos,</span> 
     </span>
     <span class='ocr_line' id='line_1_50' title="bbox 192 4077 1801 4165; baseline -0.002 -20"><span class='ocrx_word' id='word_1_613' title='bbox 192 4114 243 4159; x_wconf 52' lang='lat'>⁴„</span> <span class='ocrx_word' id='word_1_614' title='bbox 265 4082 381 4155; x_wconf 83' lang='lat' dir='ltr'>Sesto,</span> <span class='ocrx_word' id='word_1_615' title='bbox 404 4081 483 4165; x_wconf 89' lang='lat' dir='ltr'>supet</span> <span class='ocrx_word' id='word_1_616' title='bbox 503 4082 591 4148; x_wconf 91' lang='lat' dir='ltr'>tertio</span> <span class='ocrx_word' id='word_1_617' title='bbox 611 4080 859 4165; x_wconf 70' lang='lat' dir='ltr'>Congregstionis</span> <span class='ocrx_word' id='word_1_618' title='bbox 878 4083 970 4147; x_wconf 91' lang='lat' dir='ltr'>decre·</span> <span class='ocrx_word' id='word_1_619' title='bbox 1010 4127 1033 4158; x_wconf 88' lang='lat'><strong>„</strong></span> <span class='ocrx_word' id='word_1_620' title='bbox 1074 4103 1104 4143; x_wconf 91' lang='grc' dir='ltr'>ιιι</span> <span class='ocrx_word' id='word_1_621' title='bbox 1133 4079 1279 4160; x_wconf 89' lang='lat' dir='ltr'>accipiunt</span> <span class='ocrx_word' id='word_1_622' title='bbox 1309 4078 1502 4161; x_wconf 82' lang='lat' dir='ltr'>eleemosynas</span> <span class='ocrx_word' id='word_1_623' title='bbox 1532 4086 1634 4141; x_wconf 87' lang='lat' dir='ltr'>contra</span> <span class='ocrx_word' id='word_1_624' title='bbox 1673 4077 1801 4141; x_wconf 87' lang='lat' dir='ltr'>sormam</span> 
     </span>
     <span class='ocr_line' id='line_1_51' title="bbox 180 4102 1797 4246; baseline -0.002 -20"><span class='ocrx_word' id='word_1_625' title='bbox 180 4206 203 4239; x_wconf 90' lang='lat'>‚‚</span> <span class='ocrx_word' id='word_1_626' title='bbox 224 4182 275 4237; x_wconf 86' lang='lat' dir='ltr'>to,</span> <span class='ocrx_word' id='word_1_627' title='bbox 298 4164 327 4225; x_wconf 90' lang='lat' dir='ltr'>in</span> <span class='ocrx_word' id='word_1_628' title='bbox 348 4183 410 4244; x_wconf 92' lang='lat' dir='ltr'>quo</span> <span class='ocrx_word' id='word_1_629' title='bbox 431 4163 528 4228; x_wconf 89' lang='lat' dir='ltr'>eadem</span> <span class='ocrx_word' id='word_1_630' title='bbox 549 4165 749 4246; x_wconf 76' lang='lat' dir='ltr'>congregatio</span> <span class='ocrx_word' id='word_1_631' title='bbox 770 4180 887 4226; x_wconf 85' lang='lat' dir='ltr'>revocat</span> <span class='ocrx_word' id='word_1_632' title='bbox 911 4163 969 4224; x_wconf 85' lang='lat' dir='ltr'>Pri·</span> <span class='ocrx_word' id='word_1_633' title='bbox 1011 4207 1033 4239; x_wconf 93' lang='lat'><strong>„</strong></span> <span class='ocrx_word' id='word_1_634' title='bbox 1052 4102 1095 4225; x_wconf 78' lang='lat' dir='ltr'>ibi</span> <span class='ocrx_word' id='word_1_635' title='bbox 1117 4156 1225 4244; x_wconf 67' lang='lat' dir='ltr'>prascri</span> <span class='ocrx_word' id='word_1_636' title='bbox 1263 4181 1308 4222; x_wconf 91' lang='lat' dir='ltr'>am</span> <span class='ocrx_word' id='word_1_637' title='bbox 1330 4206 1339 4236; x_wconf 93' lang='lat'>,</span> <span class='ocrx_word' id='word_1_638' title='bbox 1361 4180 1448 4239; x_wconf 87' lang='lat' dir='ltr'>quam</span> <span class='ocrx_word' id='word_1_639' title='bbox 1470 4182 1519 4227; x_wconf 84' lang='lat' dir='ltr'>eos</span> <span class='ocrx_word' id='word_1_640' title='bbox 1541 4203 1551 4235; x_wconf 90' lang='lat'>‚</span> <span class='ocrx_word' id='word_1_641' title='bbox 1571 4159 1622 4241; x_wconf 85' lang='lat' dir='ltr'>qui</span> <span class='ocrx_word' id='word_1_642' title='bbox 1643 4178 1701 4223; x_wconf 91' lang='lat' dir='ltr'>non</span> <span class='ocrx_word' id='word_1_643' title='bbox 1722 4156 1797 4223; x_wconf 88' lang='lat' dir='ltr'>ause·</span> 
     </span>
     <span class='ocr_line' id='line_1_52' title="bbox 178 4237 1796 4326; baseline -0.004 -19"><span class='ocrx_word' id='word_1_644' title='bbox 178 4287 204 4321; x_wconf 81' lang='lat'>‚,</span> <span class='ocrx_word' id='word_1_645' title='bbox 225 4243 361 4321; x_wconf 78' lang='lat' dir='ltr'>vilegia,</span> <span class='ocrx_word' id='word_1_646' title='bbox 395 4246 501 4325; x_wconf 88' lang='lat' dir='ltr'>quibus</span> <span class='ocrx_word' id='word_1_647' title='bbox 530 4244 722 4326; x_wconf 82' lang='lat' dir='ltr'>indulgetur,</span> <span class='ocrx_word' id='word_1_648' title='bbox 762 4259 795 4306; x_wconf 92' lang='lat' dir='ltr'>ut</span> <span class='ocrx_word' id='word_1_649' title='bbox 829 4259 969 4306; x_wconf 88' lang='lat' dir='ltr'>certarum</span> <span class='ocrx_word' id='word_1_650' title='bbox 1011 4287 1032 4320; x_wconf 93' lang='lat'>„</span> <span class='ocrx_word' id='word_1_651' title='bbox 1055 4260 1120 4306; x_wconf 87' lang='lat' dir='ltr'>runt</span> <span class='ocrx_word' id='word_1_652' title='bbox 1142 4240 1213 4316; x_wconf 86' lang='lat' dir='ltr'>caps</span> <span class='ocrx_word' id='word_1_653' title='bbox 1239 4240 1509 4318; x_wconf 80' lang='lat' dir='ltr'>asabEccleliis,</span> <span class='ocrx_word' id='word_1_654' title='bbox 1545 4257 1578 4303; x_wconf 89' lang='lat' dir='ltr'>ut</span> <span class='ocrx_word' id='word_1_655' title='bbox 1600 4237 1707 4304; x_wconf 88' lang='lat' dir='ltr'>ibidem</span> <span class='ocrx_word' id='word_1_656' title='bbox 1729 4258 1796 4322; x_wconf 78' lang='lat' dir='ltr'>pta:-</span> 
     </span>
     <span class='ocr_line' id='line_1_53' title="bbox 181 4321 1729 4404; baseline -0.001 -17"><span class='ocrx_word' id='word_1_657' title='bbox 181 4366 205 4401; x_wconf 87' lang='lat'>„</span> <span class='ocrx_word' id='word_1_658' title='bbox 227 4323 409 4398; x_wconf 77' lang='lat' dir='ltr'>Missurum,</span> <span class='ocrx_word' id='word_1_659' title='bbox 441 4323 488 4389; x_wconf 83' lang='lat' dir='ltr'>vel</span> <span class='ocrx_word' id='word_1_660' title='bbox 513 4323 783 4388; x_wconf 82' lang='lat' dir='ltr'>Anniversatiortun</span> <span class='ocrx_word' id='word_1_661' title='bbox 804 4323 969 4387; x_wconf 88' lang='lat' dir='ltr'>celebratio·</span> <span class='ocrx_word' id='word_1_662' title='bbox 1011 4326 1032 4400; x_wconf 85' lang='lat'>,‘,</span> <span class='ocrx_word' id='word_1_663' title='bbox 1055 4321 1186 4404; x_wconf 86' lang='lat' dir='ltr'>cipitur?</span> <span class='ocrx_word' id='word_1_664' title='bbox 1240 4346 1244 4353; x_wconf 93' lang='lat'>·</span> <span class='ocrx_word' id='word_1_665' title='bbox 1352 4328 1356 4343; x_wconf 91' lang='lat'>&#39;</span> <span class='ocrx_word' id='word_1_666' title='bbox 1386 4364 1389 4373; x_wconf 80' lang='lat'>,</span> <span class='ocrx_word' id='word_1_667' title='bbox 1546 4350 1551 4367; x_wconf 70' lang='lat' dir='ltr'>r</span> <span class='ocrx_word' id='word_1_668' title='bbox 1648 4387 1666 4404; x_wconf 27' lang='grc' dir='ltr'><em>Η</em></span> <span class='ocrx_word' id='word_1_669' title='bbox 1724 4377 1729 4385; x_wconf 95' lang='grc'>.</span> 
     </span>
     <span class='ocr_line' id='line_1_54' title="bbox 183 4400 1795 4484; baseline -0.006 -19"><span class='ocrx_word' id='word_1_670' title='bbox 183 4448 205 4482; x_wconf 88' lang='grc'>,,</span> <span class='ocrx_word' id='word_1_671' title='bbox 226 4424 287 4480; x_wconf 91' lang='lat' dir='ltr'>ne,</span> <span class='ocrx_word' id='word_1_672' title='bbox 318 4422 371 4468; x_wconf 88' lang='lat' dir='ltr'>aur</span> <span class='ocrx_word' id='word_1_673' title='bbox 390 4404 534 4484; x_wconf 84' lang='lat' dir='ltr'>aliquibus</span> <span class='ocrx_word' id='word_1_674' title='bbox 556 4404 720 4479; x_wconf 72' lang='lat' dir='ltr'>Colledlis,</span> <span class='ocrx_word' id='word_1_675' title='bbox 752 4404 798 4469; x_wconf 92' lang='lat' dir='ltr'>seu</span> <span class='ocrx_word' id='word_1_676' title='bbox 817 4404 967 4466; x_wconf 86' lang='lat' dir='ltr'>Orationi·</span> <span class='ocrx_word' id='word_1_677' title='bbox 1049 4448 1069 4480; x_wconf 93' lang='lat'><strong>„</strong></span> <span class='ocrx_word' id='word_1_678' title='bbox 1094 4403 1347 4482; x_wconf 87' lang='lat' dir='ltr'>Decimoquarto‚</span> <span class='ocrx_word' id='word_1_679' title='bbox 1382 4423 1418 4464; x_wconf 90' lang='lat' dir='ltr'>an</span> <span class='ocrx_word' id='word_1_680' title='bbox 1443 4401 1471 4464; x_wconf 91' lang='lat' dir='ltr'>in</span> <span class='ocrx_word' id='word_1_681' title='bbox 1494 4403 1550 4465; x_wconf 91' lang='lat' dir='ltr'>boc</span> <span class='ocrx_word' id='word_1_682' title='bbox 1573 4400 1696 4463; x_wconf 88' lang='lat' dir='ltr'>Decreto</span> <span class='ocrx_word' id='word_1_683' title='bbox 1715 4415 1795 4458; x_wconf 91' lang='lat' dir='ltr'>com-</span> 
     </span>
     <span class='ocr_line' id='line_1_55' title="bbox 184 4474 1796 4626; baseline -0.004 -79"><span class='ocrx_word' id='word_1_684' title='bbox 184 4528 204 4560; x_wconf 91' lang='lat'><strong>„</strong></span> <span class='ocrx_word' id='word_1_685' title='bbox 226 4485 277 4547; x_wconf 88' lang='lat' dir='ltr'>bus</span> <span class='ocrx_word' id='word_1_686' title='bbox 298 4484 424 4567; x_wconf 87' lang='lat' dir='ltr'>plurium</span> <span class='ocrx_word' id='word_1_687' title='bbox 446 4485 602 4549; x_wconf 79' lang='lat' dir='ltr'>Missurum</span> <span class='ocrx_word' id='word_1_688' title='bbox 624 4486 757 4549; x_wconf 85' lang='lat' dir='ltr'>oneribus</span> <span class='ocrx_word' id='word_1_689' title='bbox 771 4484 805 4546; x_wconf 86' lang='lat' dir='ltr'>in</span> <span class='ocrx_word' id='word_1_690' title='bbox 835 4483 968 4548; x_wconf 82' lang='lat' dir='ltr'>t&#39;ututum</span> <span class='ocrx_word' id='word_1_691' title='bbox 1009 4529 1031 4561; x_wconf 90' lang='lat'><strong>„</strong></span> <span class='ocrx_word' id='word_1_692' title='bbox 1053 4484 1339 4626; x_wconf 81' lang='lat' dir='ltr'>prehendantutillae</span> <span class='ocrx_word' id='word_1_693' title='bbox 1359 4481 1507 4567; x_wconf 81' lang='lat' dir='ltr'>capsula,</span> <span class='ocrx_word' id='word_1_694' title='bbox 1541 4501 1605 4559; x_wconf 80' lang='lat' dir='ltr'>qua</span> <span class='ocrx_word' id='word_1_695' title='bbox 1624 4475 1731 4568; x_wconf 72' lang='lat' dir='ltr'>apponi</span> <span class='ocrx_word' id='word_1_696' title='bbox 1754 4474 1796 4534; x_wconf 85' lang='lat' dir='ltr'>so·</span> 
     </span>
    </p>
   </div>
   <div class='ocr_carea' id='block_1_8' title="bbox 108 4554 1798 4715">
    <p class='ocr_par' dir='ltr' id='par_1_23' title="bbox 108 4554 1798 4715">
     <span class='ocr_line' id='line_1_56' title="bbox 108 4554 1798 4655; baseline -0.004 -29"><span class='ocrx_word' id='word_1_697' title='bbox 108 4628 113 4642; x_wconf 59' lang='grc'>,</span> <span class='ocrx_word' id='word_1_698' title='bbox 182 4607 205 4641; x_wconf 84' lang='lat'>„</span> <span class='ocrx_word' id='word_1_699' title='bbox 225 4563 409 4655; x_wconf 84' lang='lat' dir='ltr'>suscipiendis</span> <span class='ocrx_word' id='word_1_700' title='bbox 430 4562 568 4640; x_wconf 80' lang='lat' dir='ltr'>satisfiar3</span> <span class='ocrx_word' id='word_1_701' title='bbox 1009 4609 1031 4644; x_wconf 90' lang='lat'>„</span> <span class='ocrx_word' id='word_1_702' title='bbox 1066 4583 1114 4629; x_wconf 89' lang='lat' dir='ltr'>ent</span> <span class='ocrx_word' id='word_1_703' title='bbox 1144 4565 1176 4628; x_wconf 88' lang='lat' dir='ltr'>in</span> <span class='ocrx_word' id='word_1_704' title='bbox 1207 4564 1341 4629; x_wconf 85' lang='lat' dir='ltr'>Ecclestis</span> <span class='ocrx_word' id='word_1_705' title='bbox 1369 4565 1397 4625; x_wconf 91' lang='lat' dir='ltr'>in</span> <span class='ocrx_word' id='word_1_706' title='bbox 1429 4563 1476 4627; x_wconf 83' lang='lat' dir='ltr'>die</span> <span class='ocrx_word' id='word_1_707' title='bbox 1508 4554 1798 4624; x_wconf 87' lang='lat' dir='ltr'>commemorartonis</span> 
     </span>
     <span class='ocr_line' id='line_1_57' title="bbox 813 4652 1759 4715; baseline 0.001 -16"><span class='ocrx_word' id='word_1_708' title='bbox 813 4652 815 4657; x_wconf 84' lang='grc'><strong>’</strong></span> <span class='ocrx_word' id='word_1_709' title='bbox 1509 4654 1513 4665; x_wconf 79' lang='grc'><strong>’</strong></span> <span class='ocrx_word' id='word_1_710' title='bbox 1653 4681 1674 4715; x_wconf 84' lang='grc'>,,</span> <span class='ocrx_word' id='word_1_711' title='bbox 1696 4653 1759 4700; x_wconf 91' lang='lat' dir='ltr'>om·</span> 
     </span>
    </p>
   </div>
   <div class='ocr_carea' id='block_1_9' title="bbox 0 0 2058 5242">
    <p class='ocr_par' dir='ltr' id='par_1_24' title="bbox 0 0 2058 5242">
     <span class='ocr_line' id='line_1_58' title="bbox 0 0 2058 5242; baseline 0 0"><span class='ocrx_word' id='word_1_712' title='bbox 0 0 2058 5242; x_wconf 95' lang='lat' dir='ltr'> </span> 
     </span>
    </p>
   </div>
  </div>
 </body>
</html>
