4084 5242
192 245 211 304 d

206 1381 232 1444 7,
286 1347 467 1414 Moribundo
488 1367 577 1430 puero
599 1345 659 1409 doli
679 1365 713 1407 cs
735 1342 801 1436 aci,
823 1342 874 1423 qui
1008 1420 1015 1434 ·
1187 1418 1193 1430 ,
1389 1416 1396 1430 ,
1665 1421 1671 1434 ,
2038 1401 2040 1418 r

167 1449 172 1454 .
244 1432 383 1514 stingum
404 1426 616 1492 Euchfflpsam
637 1424 674 1487 ab
726 1421 1029 1506 10c1b0,probabr·
1112 1415 1325 1492 Mortbundus,
1346 1437 1399 1497 qut
1422 1437 1506 1478 mane
1527 1423 1752 1487 communtcatit
1773 1424 1862 1491 sanus
1884 1447 1926 1492 ιι
2039 1451 2040 1494 t

293 142 381 229 me
570 10 1507 234 mourauuuus

275 222 479 298 Moribundn,
499 222 520 285 fi
542 197 574 284 fit
596 217 754 303 periculum
779 213 910 280 vomitus
930 258 939 288 ,
959 211 1020 276 dari
1062 212 1095 273 de
1116 201 1279 290 capacitate
1301 205 1381 288 pueri
1402 205 1435 268 fit
1457 203 1578 268 dubium
1604 250 1613 283 ,
1636 207 1725 291 possit
1756 214 1862 286 nihilo.

225 308 324 392 potest
345 323 434 388 parua
455 302 597 388 particula
620 296 823 371 Eucharistiae,
845 295 1020 375 quaessoma-
1063 290 1162 354 minus
1182 285 1266 361 dari,
1288 285 1340 349 etsr
1362 301 1419 347 nun
1441 286 1621 362 firmasse,
1645 289 1676 352 ἃ
1707 291 1864 365 serenent

234 388 322 450 cbum
344 387 501 452 alteratum
522 404 579 446 non
600 380 761 451 credatur,
793 392 843 438 aut
874 375 950 437 lide
970 373 1026 436 hoc
1067 370 1156 433 etiam
1179 366 1320 431 Dicallils.
1343 364 1471 450 Diana,
1503 368 1681 432 Tamburin.
1705 373 1749 435 La
1770 378 1863 446 0101,

237 465 353 549 ipso'stt
374 467 514 540 dubium,
537 458 696 524 securitatis
716 455 810 536 gratia
843 453 905 516 dati
933 455 1027 537 potest
1067 444 1429 526 tib.6.num.c48.(b)u

228 547 380 633 particula
401 568 460 612 non
482 540 645 605 consecrata
665 538 701 598 ed
722 534 958 617 experiendum,
990 554 1026 595 an
1109 530 1137 591 Si
1159 528 1356 593 Moribundus
1377 525 1410 588 fit
1431 519 1719 626 communicandus,
1752 539 1782 601 δι
1816 543 1861 607 de.
1904 545 1926 605 8

133 671 138 676 -
227 627 322 714 ,posse
343 629 468 698 retinere¹
484 617 697 690 consecratam,
720 636 771 678 nec
793 623 858 679 ne?
889 614 922 678 a
944 615 965 675 st
985 634 1026 694 re·
1068 609 1102 673 fit
1122 610 1235 682 stota,
1267 606 1315 671 vel
1338 604 1444 681 Alba,
1477 608 1570 687 potest
1602 632 1630 674 tn
1661 616 1714 678 tasi
1745 618 1811 683 casu
1832 624 1861 686 ei

235 711 331 774 cineas
352 728 410 770 non
431 699 647 773 consecratam,
670 695 762 759 danda
771 697 808 758 cll
819 691 844 759 ei
855 696 945 758 etiam
955 714 1023 760 cun·
1065 690 1128 772 ¹dari
1149 689 1320 754 communio
1342 686 1397 752 sine
1420 685 1508 771 ipsis.
1533 689 1610 768 Vide
1630 699 1707 761 verb.
1732 700 1862 778 infimius

235 789 369 858 secrata3
392 784 412 844 fi
433 802 503 848 vcro
524 801 582 844 non
605 776 800 854 consecratam
814 775 944 858 rejiciat,
966 795 1026 838 non
1069 794 1145 840 num.
1171 793 1217 845 190

232 870 276 948 ,eli
298 867 325 932 ei
346 863 438 927 moda
457 862 643 928 consecrata.
664 859 695 923 Si
717 854 1026 940 autem-independen·
1110 845 1306 946 Moribundus
1327 867 1441 915 tenetur
1461 872 1495 915 ert
1516 871 1659 934 praecepto
1681 856 1859 929 DiuinnEu·
1905 891 1930 947 9

232 968 285 1020 ter
307 969 324 1010 a
345 945 412 1010 cibo
433 962 571 1028 perpetuo
591 958 737 1019 evomat,
769 935 850 1004 nullo
880 935 968 1001 modo
989 935 1028 1003 est
1068 932 1231 996 charistiam
1254 931 1362 995 sumere
1384 952 1433 1014 per
1455 935 1577 994 modum
1600 937 1735 1010 viatici,
1756 943 1786 1003 ἃ
1806 945 1864 1006 hue

233 1031 268 1100 ‚ei
287 1027 382 1090 danda
402 1026 488 1090 Sacra
508 1022 690 1088 Commutato
712 1066 722 1097 ,
743 1020 796 1083 nili
816 1018 890 1084 sorte
911 1040 961 1160 per
982 1015 1029 1082 sere
1071 1013 1183 1078 etiamsi
1203 1013 1319 1157 nanfit
1338 1015 1472 1109 jejunus.
1494 1014 1572 1077 Vide
1594 1018 1673 1080 usrb
1686 1018 1860 1100 Subtristis

1129 1116 1159 1171 4·
1174 1115 1254 1158 ver.
1289 1111 1490 1172 rattcumn.4.
1715 1118 1720 1134 r

241 1111 344 1182 saltem
365 1106 452 1170 boras
472 1103 543 1170 liber
563 1125 581 1167 a
603 1104 720 1170 vomitu
740 1100 889 1165 extiterit.
933 1100 959 1163 ic
979 1121 1027 1163 er·
1068 1120 1096 1158 n.

234 1190 329 1333 ,prese
348 1185 466 1251 Saucius
487 1185 563 1270 apud
586 1184 711 1248 Dianam
723 1200 800 1265 part.
828 1181 969 1262 pressius.
983 1201 1029 1257 55.
1111 1116 1155 1238 iit
1176 1173 1244 1239 licet
1265 1174 1298 1235 lit
1319 1176 1461 1249 jejunus,
1492 1173 1583 1238 adbuc
1604 1178 1679 1242 redlc
1709 1180 1861 1247 adhibetur
1880 1209 1921 1252 to
2037 1221 2038 1242 t

272 1269 457 1343 uscmbaum,
477 1268 508 1330 dt
529 1259 1030 1403 lacroixttbmp.caparra)
1071 1253 1198 1350 formula
1218 1259 1319 1335 Accipe
1349 1256 1495 1347 isauricum·
1518 1256 1580 1317 (vc.
1611 1260 1682 1323 vid.
1715 1266 1748 1325 d.
1780 1266 1861 1330 verb.

909 1341 967 1404 ciat
988 1341 1030 1402 di·
1074 1333 1246 1415 Eucharistiae
1268 1359 1297 1396 n.
1311 1357 1359 1417 35.
1369 1333 1449 1400 verb.
1458 1339 1596 1398 Vrasicum
1608 1364 1634 1401 n.
1649 1362 1676 1418 ς.

243 1513 300 1576 lius
320 1511 358 1575 ast
378 1510 502 1573 dandum
534 1508 714 1583 Viatlcum,
744 1503 879 1587 quamvis
901 1501 1029 1572 nondum
1071 1518 1107 1561 ex
1128 1497 1303 1574 devotione,
1325 1517 1362 1591 an
1385 1494 1779 1582 superuenientefpericnlo,
1812 1523 1860 1572 te·

245 1592 311 1658 aller
332 1589 414 1658 saum
434 1591 469 1655 ad
489 1587 738 1652 Communinnem
770 1584 902 1650 admissus
923 1606 933 1656 3
954 1581 1029 1664 Lay-
1072 1595 1172 1641 neatur
1193 1580 1291 1643 eadem
1312 1579 1358 1641 dte
1412 1587 1431 1638 'r
1453 1576 1571 1641 modum
1591 1581 1702 1646 Viatici
1724 1606 1859 1652 commu·

238 1669 315 1747 man
336 1673 417 1744 crasi.
442 1694 472 1750 4,
494 1672 529 1731 de
551 1663 704 1747 Eucharill.
716 1683 774 1750 cap.
785 1689 815 1744 4.
830 1667 936 1730 Suarez
955 1663 1030 1746 disp.
1073 1657 1184 1721 citare?
1207 1659 1276 1721 Vid.
1286 1659 1316 1721 d.
1328 1681 1378 1723 ver
1399 1657 1626 1737 .Eucbartliian.
1639 1667 1760 1742 36.(e)

248 1778 297 1838 30.
307 1753 375 1835 serr.
401 1775 427 1817 1.
453 1739 581 1816 iiusemb.
600 1753 629 1814 ἃ
647 1750 690 1813 La
707 1745 797 1814 Croix
810 1745 863 1809 lib.
879 1751 907 1809 d.
912 1762 989 1826 past.
1007 1766 1031 1806 t.
1114 1737 1295 1833 Moribundp
1318 1741 1379 1833 post
1401 1759 1430 1817 7·
1461 1740 1505 1834 asel
1543 1741 1573 1803 8.
1608 1741 1668 1805 dics
1697 1747 1787 1826 poteli
1806 1747 1859 1812 ite·
1888 1770 1936 1812 η

241 1827 713 1915 'num.586.cst47.1„ugoasp.
743 1852 789 1911 13·
802 1826 912 1907 leiim
934 1850 962 1887 rr.
987 1845 1036 1906 34·
1078 1819 1554 1893 rumdartVtatrcum,euams1
1584 1842 1643 1888 nort
1671 1823 1706 1888 fit
1738 1828 1865 1900 jejunus,

250 1916 300 1984 ubi
322 1939 399 1980 ntem.
420 1934 471 1997 40.
493 1931 598 1980 contra
616 1910 743 1980 Sancbez
763 1908 843 1973 addit
863 1950 873 1985 ,
893 1904 991 1992 quod,
1014 1904 1035 1969 fi
1075 1900 1236 1970 dummodo
1256 1918 1380 1988 nequeat
1400 1902 1514 1977 ieiunus,
1532 1900 1670 1996 sumere,
1704 1906 1736 1970 dr
1757 1905 1867 2054 pericu·

1778 2008 1826 2051 um

207 2211 210 2220 .
248 2181 315 2226 vere
331 2157 455 2240 poffiret.
478 2158 526 2221 Es
547 2158 581 2218 iis
600 2172 698 2222 autem
718 2153 814 2222 verbis
836 2151 964 2220 eruditus
983 2150 1181 2217 Continuator
1199 2149 1351 2234 ‘Soumely
1379 2131 1517 2236 colligit,
1548 2157 1607 2218 Nec
1636 2157 1780 2230 laicum,
1812 2173 1864 2218 nes

249 2242 413 2316 creticam,
433 2243 482 2319 qui
504 2238 632 2301 Sacerdos
650 2264 702 2303 non
718 2238 776 2315 fir,
797 2263 816 2299 a
835 2239 966 2317 Censoris
986 2236 1126 2315 absolvere
1142 2233 1239 2316 poffe:
1261 2250 1321 2295 tum
1342 2238 1408 2314 quia
1427 2235 1582 2296 Concilium
1600 2237 1791 2300 Tridentium
1802 2255 1863 2298 nou

245 2320 384 2402 loquitur
405 2320 463 2395 nist
479 2320 514 2381 de
533 2319 749 2394 Sacerdotibus3
770 2337 829 2382 tuns
869 2324 917 2382 uia
931 2320 1043 2401 potestas
1065 2315 1229 2395 absolvendi
1247 2340 1266 2375 a
1285 2317 1417 2395 Censoris
1436 2318 1466 2378 in
1482 2316 1600 2399 pericula
1619 2323 1709 2379 mortis
1728 2341 1780 2378 nan
1812 2314 1863 2374 da·

246 2421 315 2476 μιν,
336 2399 390 2476 nifi
407 2417 439 2460 ut
459 2404 521 2479 quis
541 2406 627 2463 etiam
648 2427 667 2462 a
683 2406 807 2483 peccatis
827 2344 937 2481 aifhsvi
951 2400 1030 2481 poffit
1053 2443 1063 2473 ,
1089 2400 1165 2477 scires
1193 2415 1285 2458 autem
1316 2396 1445 2460 Sacerdos
1472 2421 1491 2457 a
1516 2400 1635 2477 peccatis
1661 2396 1803 2474 absoluere
1819 2411 1870 2475 ps·

249 2481 321 2558 tefl3
342 2499 401 2544 trem
422 2485 489 2560 qrria
508 2482 559 2559 usu
579 2500 713 2563 receptum
733 2481 785 2559 eli,
807 2499 837 2542 ut
852 2484 929 2561 susus
948 2483 1079 2542 Sacerdos
1109 2482 1138 2540 iit
1169 2476 1219 2539 hoc
1248 2481 1333 2539 ctiam
1364 2478 1458 2539 martit
1487 2475 1645 2556 discrimine
1675 2476 1881 2555 absolutionem

247 2587 270 2636 n
288 2562 403 2639 censuris
425 2564 584 2644 impendat,
606 2586 658 2625 nort
677 2581 769 2630 aretem
790 2565 930 2641 Clericus,
952 2559 1009 2637 nili
1028 2564 1052 2623 is
1068 2561 1142 2637 forte
1162 2561 1301 2640 censtrram
1321 2560 1417 2622 tulerit
1439 2603 1448 2635 ,
1480 2579 1593 2640 eamque
1621 2555 1720 2622 idcirco
1748 2557 1871 2620 celasset

254 2645 374 2708 valeas.

246 2723 248 2727 ’
294 2724 361 2803 (a)
383 2722 478 2786 Porcii
499 2721 558 2785 alia
579 2723 627 2787 via
647 2725 788 2805 experiri,
809 2747 845 2788 an
907 2723 952 2787 sset
975 2720 1148 2786 Moribundi
1181 2719 1343 2783 stomachus
1371 2716 1580 2784 consecratam·
1599 2717 1770 2801 particulam
1800 2715 1869 2781 teti·

255 2824 343 2874 aeres
365 2823 416 2865 nec
439 2823 564 2884 unquam
609 2806 856 2869 ermittendume
890 2797 954 2881 ,tit
976 2824 1035 2864 non
1055 2798 1219 2864 consecrata
1252 2800 1394 2885 particula
1427 2802 1661 2884 experimentum
1691 2799 1774 2874 fiat,
1804 2816 1870 2864 tum

253 2885 296 2950 nb¹
315 2883 496 3025 periculum,
518 2823 763 2964 quodoccurrere
783 2884 894 2948 sortasse
915 2882 1002 2964 posset
1025 2880 1229 2955 idololatrias
1263 2899 1328 2945 tum
1356 2882 1445 2947 etiam
1482 2904 1518 2946 tre
1551 2881 1649 2946 debita
1669 2901 1737 2963 erga
1755 2881 1872 2943 Sacram

229 2965 316 3056 'Euc
339 2963 465 3027 tristiam
489 2963 637 3028 veneratio
658 2965 712 3029 hac
734 2965 783 3028 via
805 2968 971 3027 minuatur.

295 3041 420 3125 (b).1n
440 3044 528 3107 dubio
548 3044 583 3108 de
603 3045 682 3126 pueri
703 3045 863 3140 capacitate
884 3047 920 3109 ad
941 3044 995 3107 rite
1024 3041 1238 3108 discernendum
1270 3043 1357 3120 intes
1382 3043 1493 3109 sacrum
1525 3043 1704 3117 Viaticum,
1735 3043 1768 3105 dc
1796 3041 1873 3107 alins

254 3124 357 3202 cibos,
380 3124 562 3188 Eucharistia
582 3125 700 3207 praeberi
720 3127 814 3190 erdem
838 3146 898 3189 non
919 3125 1021 3188 debet.
1044 3124 1107 3190 Etst
1127 3123 1207 3187 enim
1228 3122 1359 3200 scimus,
1391 3144 1423 3190 ut
1447 3125 1475 3186 in
1499 3125 1620 3206 antiqua
1639 3122 1767 3190 Ecclesia
1788 3167 1799 3200 ,
1829 3125 1876 3186 ita

254 3206 441 3271 etiamnunc
464 3205 492 3267 in
514 3204 647 3268 Ecclesris
667 3203 811 3286 aliquibus
831 3205 1029 3270 Orientalibus
1060 3206 1155 3289 pueris
1184 3225 1301 3286 quoque
1337 3206 1544 3268 Eucharistiam
1578 3203 1801 3278 administrari3
1830 3222 1876 3266 ta·

256 3305 322 3349 men
345 3285 450 3350 Latina
470 3284 598 3348 Ecclefia
616 3304 634 3347 a
655 3285 756 3348 multis
776 3285 883 3358 sarculis
903 3287 1052 3350 constituit
1076 3331 1086 3362 ,
1108 3295 1141 3350 ut
1171 3286 1286 3350 nonnisi
1313 3285 1535 3352 discernentibus
1564 3287 1663 3352 cibum
1696 3284 1875 3350 Eucharisti-

254 3385 320 3430 cum
342 3364 577 3440 distribueretur,
599 3381 632 3428 ut
653 3365 781 3429 debitum
805 3369 834 3430 in
866 3365 1004 3436 saue‘ium.
1022 3369 1240 3431 Sacramentum
1270 3365 1471 3449 obsequium,
1503 3388 1537 3429 ac
1567 3366 1718 3433 veneratio
1749 3365 1874 3431 servara-

258 3462 325 3507 tur.
349 3445 409 3507 Ubi
430 3465 498 3525 ergo
519 3442 637 3508 dubium
660 3446 716 3521 eli,
740 3469 810 3511 num
831 3468 903 3532 puer
925 3449 955 3510 id
977 3470 1077 3516 revera
1097 3445 1263 3529 intelligat,
1285 3467 1371 3529 atque
1392 3446 1531 3512 discernat
1555 3494 1565 3524 ,
1588 3471 1622 3513 ex
1643 3448 1776 3511 Ecclefia
1797 3448 1876 3509 iulii·

257 3523 372 3590 cutioue
393 3524 472 3589 sacro
493 3525 614 3590 Viatico
637 3524 714 3590 refici
738 3529 811 3595 Puer
831 3529 882 3593 ille
902 3550 959 3592 non
983 3530 1088 3602 seber:
1109 3529 1186 3592 Cum
1208 3527 1265 3591 boc
1287 3551 1346 3593 non
1368 3530 1402 3594 fit
1422 3530 1641 3593 Sacramentum
1677 3526 1873 3605 rectitatis,

171 3673 175 3678 ,
254 3601 371 3668 &cum
395 3628 432 3670 es
451 3607 534 3688 praxi
556 3605 686 3672 Ecclefiae
707 3612 839 3688 constes,
858 3611 1076 3676 Sacramentum
1097 3607 1264 3682 huiusmodi
1285 3631 1344 3675 non
1377 3612 1595 3674 communicari>
1620 3610 1673 3673 nist
1704 3610 1769 3686 iis,
1801 3629 1875 3690 quor

254 3685 383 3758 Ecclesia
400 3687 517 3753 noverit
539 3687 581 3750 ita
599 3709 734 3772 capaces,
757 3691 788 3753 dc
810 3693 840 3753 in
862 3690 1029 3774 Religionis
1049 3690 1187 3753 inllirutis
1207 3690 1383 3769 instructos,
1417 3711 1449 3756 ut
1470 3691 1646 3768 coelestem,
1678 3692 1709 3755 δι
1741 3689 1874 3771 Angelo-

255 3787 318 3834 rum
339 3788 444 3851 pauem
464 3788 483 3830 a
502 3767 623 3851 vulgari
643 3771 709 3833 cibo
729 3769 962 3838 discernerem
1001 3795 1036 3838 ue
1056 3774 1124 3836 binc
1145 3788 1225 3852 patet
1247 3774 1366 3851 etiam,
1400 3773 1505 3848 injuria
1538 3797 1614 3836 nam.
1651 3794 1698 3836 aa.
1729 3769 1824 3847 asseri,
1845 3775 1878 3836 iss

254 3846 355 3926 dubio,
375 3874 412 3914 an
433 3847 538 3913 adusti
557 3869 680 3920 sarrreuresr
698 3869 812 3916 utantur
830 3858 955 3931 rarione,
993 3854 1098 3918 andum
1121 3853 1162 3916 eis
1183 3852 1335 3916 Viaticum
1357 3855 1409 3920 csse
1432 3898 1441 3917 .
1471 3855 1550 3919 Cum
1582 3853 1664 3918 enim
1693 3854 1748 3916 boc
1778 3852 1876 3915 Sacra·

255 3945 386 4000 mentum
409 3929 583 3995 necessitatis
602 3951 659 3994 nou
682 3932 737 4008 fit,
760 3935 789 4002 in
810 3933 902 3999 dubio
922 3931 1179 3999 administrandum
1203 3954 1262 3997 non
1283 3938 1347 4000 est.

296 4012 362 4090 (e)
384 4012 462 4075 iside
482 4012 517 4076 de
538 4011 593 4075 bac
615 4034 645 4080 te
668 4015 854 4078 Renedidium
871 4017 960 4082 xtv.
981 4019 1016 4080 dr
1035 4015 1141 4097 &nodo
1163 4016 1326 4095 Dioecesana
1346 4017 1403 4084 lib.
1425 4039 1454 4095 7.
1476 4035 1537 4101 cap.
1560 4020 1617 4079 XI.
1654 4016 1704 4079 ubi
1738 4014 1876 4080 recensita

255 4111 355 4184 eorum
377 4091 535 4173 opinione,
556 4092 607 4174 qui
628 4095 736 4168 aiunt,
756 4098 846 4162 etiam
868 4097 1040 4174 huminem,
1061 4099 1114 4180 qui
1136 4116 1221 4159 mane
1241 4098 1504 4162 communicaverit
1535 4097 1687 4164 incidendo
1720 4097 1874 4180 inopinato

255 4191 284 4242 tn
307 4174 414 4236 mortis
470 4170 594 4236 ticulum
616 4173 712 4239 teneri
734 4177 829 4242 denuo
851 4176 877 4241 se
899 4176 1011 4242 reticere
1032 4176 1230 4242 Eucbarissicu
1250 4177 1338 4248 cibos
1360 4179 1506 4254 illorum,
1525 4180 1576 4260 qui
1597 4178 1730 4254 dicunt,
1765 4179 1821 4240 reci
1862 4215 1875 4229 ·

255 4271 284 4316 te
306 4252 412 4348 iterum
466 4252 648 4318 ucbarilliam
672 4255 729 4318 fine
751 4258 881 4339 periculo
898 4278 960 4324 non
981 4260 1082 4341 polles
1102 4281 1136 4323 ac
1158 4259 1279 4339 denique
1300 4258 1438 4335 illorum,
1459 4260 1512 4343 qui
1534 4275 1667 4343 putant,
1698 4257 1774 4344 polle
1794 4197 1875 4322 <trib

256 4334 371 4397 homrur
392 4335 651 4415 Viaticumdari,
674 4335 719 4400 sed
740 4337 823 4402 nullo
842 4338 877 4402 ad
900 4336 930 4399 id
950 4340 1030 4420 adigi
1061 4356 1231 4423 praecepto,
1265 4340 1307 4403 ita
1336 4340 1512 4404 concludit:
1545 4344 1578 4403 ln
1608 4358 1689 4404 tenta
1717 4343 1876 4424 opinionum

253 4418 412 4492 uarietate,
433 4414 623 4497 dederuntque
642 4420 853 4499 discrepantia,
873 4424 1009 4501 integrum
1030 4427 1083 4484 erit
1104 4417 1225 4490 Parrcho
1244 4444 1307 4484 eam
1322 4424 1490 4501 sententiam
1510 4421 1655 4504 ampsani,
1668 4446 1728 4504 que
1744 4420 1804 4499 stit
1814 4443 1875 4482 rete·

251 4498 299 4638 pis
319 4500 467 4646 mr'serrg
480 4502 548 4581 qrrr'n
562 4499 613 4576 sas
628 4498 673 4577 fir.
684 4502 817 4586 Episcopo
836 4505 867 4568 its
887 4498 1040 4567 Petreium
1066 4502 1314 4583 animaduertere,
1344 4507 1395 4586 qui
1418 4506 1537 4597 prefato,
1563 4513 1707 4587 egreteeri
1734 4507 1874 4571 viaticum

276 4597 407 4662 'Hegss'si
468 4602 498 4646 Su

311 4817 325 4854 Χ
