4084 5242
560 146 841 234 MINISTER
874 144 1431 231 SACRAMENTORUM.
1720 174 1741 257 3

179 290 201 335 a
218 264 335 329 Cbrislo
357 262 518 327 insiitututn
549 262 585 324 ad
615 261 739 325 nostram
774 254 972 321 sordificatio
1015 256 1277 336 submergendum,
1308 254 1361 317 nii
1388 253 1467 319 tedio
1498 254 1596 337 capite
1616 272 1751 324 accurro
1766 258 1803 321 ad
1850 320 1853 329 ,

180 342 255 411 nem¹
271 341 375 409 confici
396 366 414 407 a
432 342 572 407 Ministro
598 341 635 405 ai
665 341 695 402 id
723 337 917 413 consecrato,
941 336 971 400 in
1013 337 1245 420 eripiendama
1273 332 1425 414 naufragio
1453 332 1547 399 filium
1570 336 1717 417 Domini,
1740 340 1803 403 nul.

180 429 256 490 slaro
275 428 386 508 peccati
407 421 573 495 mortalisc
600 442 667 483 cum
697 418 798 487 Saucia
826 421 889 483 sint·
911 415 971 481 sao·
1010 418 1072 483 lam
1104 417 1134 481 in
1164 416 1240 485 baec
1269 414 1436 489 committit
1466 415 1714 496 irreverentiam,
1756 418 1803 486 sed

182 507 234 570 cia
254 505 432 583 tradenda,
462 522 497 569 tet
524 505 650 567 Lmr'tioi
677 518 735 584 rep.
767 523 815 565 at.
843 499 970 575 dicitur:
1011 499 1111 583 potins
1140 520 1200 564 rem
1235 495 1425 582 gtmisstmam
1493 496 1549 572 ἰ,
1579 495 1612 559 &
1643 498 1800 593 culpandne

180 588 334 652 Sacerdote
355 578 497 664 incensam
510 586 646 657 Domini,
669 581 709 647 (a
715 600 799 663 panes
808 585 865 644 Dei
870 585 919 661 sui
931 580 971 657 of·
1012 580 1099 655 esset,
1122 580 1221 646 finon
1243 577 1432 645 itasaceret:
1519 577 1555 642 sic
1574 596 1641 640 curu
1662 577 1727 642 altit
1760 602 1802 647 te·

172 671 294 749 serunt,
318 668 358 733 Θ·
379 668 441 730 t‘tieo
455 663 551 746 sanni
569 682 675 726 mot.
697 663 789 726 Exodi
812 684 858 739 ιφ.
878 668 970 725 sacer·
1012 678 1082 725 nent
1111 661 1196 742 Lugo
1224 664 1262 724 de
1290 663 1473 723 sacramentis
1504 662 1536 723 in
1560 680 1658 742 genere
1676 662 1751 739 des.
1772 665 1803 726 8.

180 751 272 823 dotes,
292 752 343 831 qui
361 747 491 811 accedam
510 751 552 809 ad
561 748 729 816 Dnninrrm,
746 742 970 821 sruflriicenrar,
1007 741 1079 822 seii.
1102 763 1131 820 9.
1153 764 1229 805 nam.
1254 761 1320 819 r5r.
1343 741 1444 818 Gobat
1471 745 1505 811 ,in
1534 742 1634 822 Kapan
1669 757 1697 802 tr
1741 786 1749 804 .
1776 764 1803 809 t.

181 832 222 896 (a
246 831 284 911 Is.
309 850 357 909 5²·
378 827 582 900 Maodrminr',
603 824 654 905 qai
667 825 753 902 fertis
771 825 844 903 vostr
874 824 971 885 Domi·
1011 820 1763 964 nppsporertoanppic.r-cap.a.176.&alii.

1095 921 1103 961 ι

6 424 23 461 Ὦ.

6 510 25 545 Ι

6 585 45 635 n,-

12 654 28 713 i

6 816 28 877 ci

6 914 26 953 ὓ·
180 914 235 986 ni,·
260 911 300 972 (b
320 925 380 992 rep.
402 913 507 971 Omnia
527 927 576 983 79.
612 911 686 984 caol.
706 928 732 968 r.
759 903 848 985 queis.
886 926 911 966 ι.
933 925 970 966 ex
1106 898 1799 983 nitiersacramenrinapnsni,&1>oeniren.
1822 914 1862 979 ιι

10 981 25 1037 l
181 991 278 1057 verbit
299 989 328 1051 S.
352 986 505 1069 Augustini
527 985 667 1055 babeturc
688 989 793 1051 Omnia
813 990 969 1049 Sacramen-
1011 981 1060 1053 tit
1080 980 1201 1047 exilient
1222 982 1255 1045 in
1274 999 1394 1062 peccato
1416 981 1536 1046 mortali
1558 1001 1656 1063 peccat
1691 1003 1803 1049 omrem

6 1080 25 1117 ⁵⁰
182 1091 235 1147 ro,
257 1092 317 1133 cum
338 1064 425 1144 obstet
445 1067 507 1129 indi
525 1086 558 1129 ae
578 1065 711 1137 traduci
769 1068 968 1149 ,prostratio
1010 1064 1096 1139 liter,
1119 1063 1234 1158 quoties
1256 1063 1326 1125 illud
1348 1080 1430 1126 extra
1449 1063 1545 1133 casnm
1566 1062 1739 1128 neceffrtatit
1748 1067 1804 1128 mi·

8 1141 25 1202 li
123 1176 161 1241 {3
184 1175 246 1219 auen
262 1167 314 1232 per
331 1170 374 1209 eos
393 1145 426 1241 di
442 1170 477 1227 ne
492 1089 691 1227 fumantibus,
718 1206 730 1229 ,ἱ
753 1147 839 1213 icitur
871 1161 968 1209 antem
1010 1140 1110 1211 uiilrat
1132 1143 1300 1226 interruptis
1320 1143 1470 1207 moraliter
1498 1142 1691 1208 ministeriis.
1718 1154 1803 1209 Coro

6 1222 26 1301 i
97 1285 108 1317 ,
181 1244 316 1299 notanter
331 1171 491 1308 specroiiter
509 1227 782 1309 consenarar,squia
801 1226 883 1289 Laici
904 1268 914 1298 ,
937 1225 970 1291 dt
1009 1249 1087 1289 man.
1108 1227 1159 1289 Au
1180 1242 1304 1301 autem,
1336 1223 1513 1287 siMioiiier
1529 1224 1722 1299 ordinarint,
1753 1227 1863 1311 seo17

180 1332 239 1377 ooo
260 1309 427 1373 Sacerdotes
455 1310 636 1393 baptizantes
658 1325 786 1395 ,urgente
807 1304 969 1373 necessitate
1010 1307 1085 1371 alius
1105 1306 1242 1371 Sacerdos
1263 1326 1320 1369 una
1340 1304 1424 1378 vice,
1444 1304 1477 1371 ἃ
1497 1305 1578 1369 velut
1600 1326 1660 1371 uuo
1681 1309 1801 1372 morali·

11 1412 23 1453 t
181 1395 212 1457 in
234 1391 306 1453 siatu
327 1391 439 1474 peccati
460 1390 690 1469 morratic,non
711 1389 904 1463 committunt
918 1408 968 1451 no·
1011 1407 1056 1457 tet
1076 1387 1235 1453 minislerio
1255 1386 1328 1450 daut
1347 1383 1507 1469 garnelloa,
1526 1401 1577 1449 attt
1597 1387 1687 1450 etiarn
1708 1389 1804 1470 pluteo

6 1490 21 1529 Ι
180 1491 252 1539 vum
311 1491 424 1535 ccatntn
448 1471 597 1550 mortale.
628 1472 706 1535 Cum
738 1469 816 1534 enim
838 1469 891 1552 ipsi
910 1488 969 1531 nott
1010 1471 1180 1545 continuare
1203 1468 1353 1550 baptizet.
1375 1465 1422 1532 vel
1443 1464 1606 1539 absolvat,
1627 1484 1727 1551 peccet
1756 1489 1801 1534 to·

6 1556 20 1611 'c'
180 1553 237 1616 scut
315 1550 381 1614 idi
414 1551 525 1616 cialiter
544 1549 718 1628 consecrati,
740 1550 900 1619 necofficio
914 1548 968 1612 mi·
1010 1552 1086 1626 ries,
1106 1549 1221 1630 quoties
1242 1545 1391 1611 tuamve
1411 1545 1565 1629 baptirat,
1589 1545 1635 1615 seo
1655 1547 1804 1617 absolaitt

6 1634 17 1693 i
178 1633 317 1709 militent,
341 1574 483 1701 taimen
566 1632 715 1706 accident,
738 1652 797 1697 non
817 1633 857 1697 est
877 1629 907 1693 in
927 1630 969 1692 eit
1010 1632 1088 1696 Vide
1108 1630 1188 1695 verb.
1207 1628 1454 1708 Confefferiesrnc.
1469 1627 1704 1714 r.n.46.&47.
1847 1684 1851 1689 .

6 1720 9 1735 '
178 1732 264 1780 tanta
284 1713 473 1788 deformitas,
548 1713 732 1779 irreverentia
746 1715 966 1779 Sacramentum
1047 1711 1183 1781 Sacerdos
1204 1709 1368 1776 mortaliter
1388 1725 1486 1790 peccat
1507 1752 1517 1785 ,
1537 1707 1653 1789 qnotiet
1671 1712 1703 1772 in
1725 1733 1800 1779 mor·
1826 1717 1863 1783 18

179 1792 323 1879 Baptismi
347 1796 503 1858 ministrate
526 1795 554 1855 in
577 1795 781 1879 stato-peccati
813 1792 966 1861 mortalis.
1008 1793 1063 1861 tali
1080 1791 1230 1867 celebrat,
1251 1792 1282 1855 bt
1304 1790 1333 1853 itt
1364 1789 1412 1854 die
1439 1788 1558 1854 Natalis
1589 1787 1714 1854 Domini
1742 1795 1803 1859 tria

6 1902 21 1941 ι·
117 1897 160 1959 tt
179 1885 326 1949 coornari.
353 1876 466 1940 Dicitur
486 1875 577 1943 etiem
598 1891 734 1945 notanter
753 1876 808 1952 nist
826 1873 900 1952 adsit
923 1895 967 1936 ca·
1010 1875 1096 1943 Secta
1114 1871 1322 1955 consequenter
1340 1871 1373 1933 in
1394 1871 1498 1937 eodem
1518 1868 1617 1933 nturi
1632 1872 1798 1951 celebrant,

173 1960 226 2039 sar
244 1975 369 2021 enorme
402 1957 596 2036 necefflteeir,
637 1957 687 2021 vri
712 1954 967 2038 impoffrbilncrri,
1009 1958 1068 2021 tria
1089 1973 1207 2036 peccata
1229 1951 1366 2018 mortalia
1385 1952 1576 2028 committit,
1597 1952 1668 2033 qnia
1686 1956 1799 2036 quodli-

178 2038 359 2122 quinetiam
382 2037 518 2115 Sacerdos
547 2057 606 2099 nun
637 2054 740 2120 mcccc
772 2036 967 2111 mortaliter,
1008 2038 1059 2102 bet
1080 2036 1175 2099 Milia
1194 2032 1376 2099 Sacrificium
1397 2033 1436 2097 esi
1458 2052 1547 2097 uuum
1568 2051 1619 2114 pet
1647 2031 1675 2097 se
1703 2035 1801 2099 diliin·

179 2139 246 2187 cunt
269 2119 300 2183 in
320 2117 415 2185 casum
438 2120 488 2181 ino
510 2117 623 2185 inarum
644 2119 823 2201 perplexus,
853 2119 885 2182 tc
905 2136 968 2201 per·
1008 2118 1087 2184 ilum
1110 2116 1299 2182 ministeriam
1321 2117 1357 2178 ad
1378 2112 1457 2180 aliud
1478 2112 1644 2197 subsequens
1678 2113 1802 2182 minime

178 2199 309 2265 trabatur
343 2245 355 2279 ,
406 2198 453 2265 seu
522 2199 775 2274 convenencia,
823 2198 970 2265 contritot
1008 2199 1196 2266 ordinatum.
1219 2198 1324 2281 Spotet
1341 2197 1394 2260 irc.
1414 2196 1463 2258 cir.
1483 2218 1559 2259 nant.
1592 2214 1659 2277 ¹75·
1690 2195 1803 2262 &alii
1873 2194 1875 2203 ⁸

120 2313 122 2317 .
175 2281 211 2344 de
240 2300 361 2364 peccato
390 2280 539 2349 mortali,
569 2280 598 2345 in
630 2298 690 2362 quo
720 2280 846 2355 existit,
874 2277 970 2362 ipsum
1009 2279 1225 2346 communiter.
1806 2280 1809 2285 '

123 2418 128 2429 .
173 2380 296 2443 puerum
320 2363 401 2431 illico
420 2360 574 2444 baptizat,
596 2358 642 2424 seo
664 2360 868 2427 moribundum
888 2358 967 2424 adul·
1050 2364 1127 2426 Item
1157 2357 1323 2424 mortaliter
1352 2374 1460 2440 peccat,
1481 2355 1617 2423 Sacerdos
1647 2357 1857 2444 consenuere

175 2460 242 2507 rum
273 2443 428 2511 absolvit.
456 2443 643 2517 Coronaeis,
678 2442 794 2507 teslibut
824 2440 966 2505 Dicailill.
1009 2443 1040 2507 in
1070 2443 1144 2507 iiatn
1173 2442 1284 2525 peccati
1312 2438 1447 2506 mortalis
1476 2455 1637 2503 extremam
1679 2438 1800 2503 Undiio·

176 2521 239 2601 dcli.
259 2546 289 2603 ᾳ
310 2548 388 2588 eaor.
403 2545 480 2601 are.
502 2521 626 2604 Espatra
654 2524 747 2604 paesi.
780 2524 826 2587 18.
858 2544 912 2587 art.
934 2544 966 2601 a·
1008 2545 1095 2590 nem.
1128 2523 1205 2586 Item
1228 2520 1393 2585 mortaliter
1412 2535 1511 2603 pecca
1539 2518 1799 2600 Episcopus-con·
1824 2547 1862 2588 ao

118 2620 156 2681 ις
179 2603 223 2667 La
242 2607 333 2668 Croix
354 2603 406 2667 lib.
430 2609 460 2667 ό.
478 2622 555 2687 part.
575 2623 607 2667 t.
629 2625 705 2667 nont.
737 2623 787 2681 92.
821 2604 967 2678 Quinimo
1008 2603 1098 2670 scens
1128 2604 1157 2666 in
1188 2604 1263 2668 lietu
1297 2601 1408 2685 peccati
1438 2598 1570 2664 mortalit
1588 2598 1800 2665 Confirmatio·

180 2684 248 2749 telle
269 2686 402 2749 Gormaz
421 2708 499 2746 narn.
517 2698 591 2761 ²141·
612 2683 652 2747 (a
668 2683 968 2757 tri-cumLaCroit
1007 2706 1096 2760 nem,
1116 2685 1149 2747 bt
1167 2684 1323 2748 Ordines.
1350 2684 1537 2745 emmonis.
1566 2683 1644 2750 Item
1664 2679 1799 2746 mortali·
1822 2707 1859 2752 21

178 2767 231 2828 lec.
255 2770 305 2831 cir.
326 2790 402 2829 nam.
423 2782 474 2844 9²·
496 2764 535 2830 (t
551 2786 606 2841 ca.
636 2763 713 2831 narii
743 2761 874 2839 volunt,
905 2780 967 2827 tam
1010 2782 1056 2830 ter
1075 2780 1175 2847 mcccc
1195 2764 1370 2828 contrabena
1390 2760 1612 2827 mattitnonium
1634 2763 1663 2823 in
1690 2779 1801 2837 morta·

176 2844 325 2923 Laicum,
346 2866 435 2928 qnam
458 2845 639 2910 Sacerdotem
670 2841 813 2927 privatim
845 2844 875 2905 in
904 2843 969 2919 casn
1011 2845 1053 2919 li,
1075 2864 1143 2909 oon
1158 2842 1249 2907 solum
1271 2860 1358 2927 prout
1378 2843 1418 2906 eii
1439 2840 1618 2936 suscipient,
1646 2859 1683 2906 nt
1701 2860 1803 2912 tenent

176 2943 313 2991 extrema
342 2923 513 2992 ueteslitatit
548 2945 666 3008 puerum
696 2924 899 3006 agonizantem
921 2924 969 2987 ba·
1010 2924 1207 2988 communiter
1229 2925 1389 2997 ὓοᾶοιιι,
1408 2920 1456 2984 sed
1477 2939 1567 2986 ettam
1589 2939 1677 3006 prout
1698 2923 1802 2988 eslmi·

174 3007 350 3090 pritantea,
380 3006 411 3071 dt
440 3006 621 3071 Sacerdotem
654 3007 684 3066 in
714 3005 778 3087 pari
806 3001 969 3068 neceiiitate
1010 3004 1150 3077 militans,
1171 3019 1205 3066 ut
1224 3002 1354 3067 absolute
1373 3018 1475 3065 tenent
1494 3003 1537 3064 La
1556 3001 1649 3066 Ctoix
1668 3003 1720 3069 loe.
1754 3007 1804 3066 cir.

135 3141 147 3149 .
173 3085 309 3152 adultum
332 3087 563 3165 absolventem,
593 3085 707 3155 nullum
739 3101 909 3167 peceatum,
929 3104 969 3149 ne
1009 3108 1088 3150 narn
1111 3104 1162 3163 93·
1185 3085 1294 3149 Henno
1313 3102 1380 3147 rom.
1403 3102 1432 3145 ee
1453 3081 1800 3167 oa8.desacrm.disp.

116 3204 132 3241 c
176 3166 296 3249 quidem
317 3168 458 3244 veniale,
494 3168 710 3244 committere,
741 3166 900 3231 liinterim
924 3186 968 3228 ur·
1009 3166 1154 3249 nqoest.
1178 3188 1206 3249 3.
1225 3183 1280 3227 an.
1297 3188 1333 3247 3.
1354 3165 1469 3245 rescire,
1487 3186 1515 3245 3.
1536 3163 1569 3227 bt
1587 3163 1639 3229 alii
1668 3185 1802 3230 commu·

175 3267 264 3331 gente
294 3248 457 3317 necessitate
485 3268 626 3331 nequeant
652 3248 682 3317 se
710 3264 772 3313 tam
793 3246 856 3311 cito
873 3244 969 3330 dispo
1010 3250 1077 3313 aiut
1094 3247 1246 3323 volenter,
1270 3244 1544 3309 &contrahentem
1558 3244 1698 3310 essereunt
1710 3246 1801 3329 dupli.

176 3350 245 3395 nere
266 3332 302 3399 ad
323 3331 551 3405 contritionem,
570 3333 647 3394 imm
700 3331 798 3413 potins
824 3349 877 3395 eut
904 3348 968 3411 pec·
1010 3330 1051 3393 cit
1071 3328 1180 3410 culpe,
1201 3346 1357 3409 utrumqne
1376 3344 1474 3391 tamen
1495 3325 1801 3404 peccatumsnfficien·

175 3430 261 3489 care,
283 3413 302 3475 si
325 3414 353 3476 in
375 3410 430 3479 tali
450 3430 582 3477 extrema
602 3336 765 3479 neritinae
785 3429 847 3474 non
864 3409 968 3505 bapti·
1008 3427 1056 3476 ter
1076 3409 1207 3494 explicat
1224 3409 1346 3474 dicendo
1366 3407 1403 3503 in·
1413 3402 1596 3471 Conseistone
1605 3406 1632 3471 se
1641 3406 1671 3469 in
1680 3402 1803 3472 mortali

145 3508 265 3568 urent,
287 3492 335 3558 seu
354 3514 412 3557 non
433 3491 604 3569 absolvant,
624 3492 695 3574 qnia
714 3494 766 3566 lut
800 3490 967 3567 Divinum,
1010 3491 1201 3567 contraxisse,
1223 3488 1371 3573 quiasusci
1422 3487 1651 3563 ndomioiiirat,
1673 3487 1800 3551 &mini-

179 3573 213 3635 δι
231 3575 345 3641 Caritas
364 3573 459 3656 magia
486 3572 602 3657 obligat
630 3568 668 3637 ad
695 3572 903 3655 procurandam
927 3571 967 3635 sa·
1009 3571 1262 3652 strandosuscipit.
1281 3571 1356 3634 Paro
1394 3587 1799 3651 uaaotemnonpeccatmor·
1824 3590 1861 3631 ee

178 3651 271 3717 itatem
292 3656 445 3739 proximi,
478 3675 568 3753 quam
599 3655 636 3719 ad
665 3655 867 3719 attendendam
890 3674 968 3718 reve-
1010 3655 1129 3727 taliter,
1148 3653 1218 3733 quia
1239 3653 1384 3716 innosira
1405 3649 1545 3715 sententia
1566 3669 1623 3713 non
1643 3651 1686 3721 esl-
1704 3648 1800 3714 Mini-

177 3734 304 3803 tentiam
325 3737 525 3809 sacramenti,
545 3753 650 3802 contra
668 3757 756 3818 quam
779 3757 837 3801 oon
873 3737 969 3818 agitor
1011 3736 1064 3801 sier
1083 3734 1294 3809 Matrimonii,
1317 3732 1362 3809 ied
1386 3730 1476 3795 solum
1499 3730 1576 3794 tellis
1595 3732 1748 3813 publicus,
1769 3731 1804 3793 nc

179 3814 212 3879 in
234 3815 289 3879 tali
310 3818 488 3893 necesitate,
511 3819 581 3885 sicot
603 3818 700 3900 inquit
722 3815 861 3881 Dicaslill.
883 3820 914 3881 dt
933 3832 970 3880 et
1009 3815 1252 3889 auctoritativua3
1272 3817 1333 3891 Qui
1354 3811 1801 3895 tameutenentipsomesseMi·

168 3895 190 3959 ‘i
212 3891 244 3960 so
265 3897 309 3959 La
328 3897 416 3964 Croia
447 3900 498 3962 loc.
531 3907 581 3965 cir.
612 3898 804 3965 irreverentia
836 3898 873 3961 eil
887 3941 897 3973 ,
912 3917 970 3980 pet
1011 3899 1162 3971 nistrum,
1193 3898 1223 3960 nc
1246 3916 1303 3960 non
1333 3893 1561 3969 contrabentea,
1595 3893 1801 3975 consequenter
2035 3908 2036 3913 ’

219 3976 384 4056 loquendo,
403 3979 643 4049 fisamtrioeteilo
663 3977 968 4066 rapitetranseataote
1009 3980 1104 4045 dicere
1123 3978 1227 4041 debent
1248 3997 1314 4040 eum
1335 3996 1455 4060 peccare
1471 3971 1668 4049 mortaliter,
1702 3972 1801 4036 sitni-
2026 3930 2037 4062 i

178 4055 373 4137 Dominum,
405 4078 533 4129 mmm
555 4063 576 4125 fi
596 4061 694 4129 ,idm
712 4059 809 4127 fitium
843 4061 967 4129 Domini
1008 4063 1107 4126 nistret
1128 4060 1159 4121 in
1182 4059 1256 4123 statu
1277 4059 1387 4142 peccati
1410 4055 1565 4120 mortalis.
1588 4056 1761 4212 (Ἕω

214 4300 291 4381 ·(*)
314 4306 382 4366 tto.
403 4308 486 4367 Ram.
509 4305 550 4369 Et
569 4306 644 4388 qnia·
657 4305 800 4371 sententia
819 4302 967 4370 aionem
986 4306 1159 4370 Parocbum
1183 4304 1236 4367 ene
1266 4299 1385 4379 hujusce
1414 4301 1598 4367 Sacramenti
1627 4298 1796 4377 Minilirum

176 4379 354 4451 solidisittuit
394 4382 532 4451 innititur
572 4389 730 4453 rationibna
757 4432 768 4463 ,
842 4385 999 4469 atibumue
1030 4387 1277 4461 auiiutitatibus,
1309 4404 1429 4464 eamque
1459 4404 1507 4447 am
1540 4382 1672 4465 odiuntur
1706 4378 1793 4461 primi

177 4460 492 4561 substiliiOTbeologic
507 4467 582 4533 binc
596 4468 697 4550 quivis
716 4408 880 4542 taeniis,
912 4486 949 4531 ut
968 4490 987 4530 a
1009 4468 1142 4552 peccandi
1163 4483 1267 4530 contra
1288 4465 1479 4532 reverentiam
1520 4457 1794 4554 amantentotdebi-

174 4560 239 4607 tam
261 4546 392 4642 periculo
410 4565 536 4627 canem,
552 4570 655 4614 entare
673 4550 775 4628 debet,
796 4566 830 4613 ut
850 4551 885 4613 ad
905 4551 1085 4617 Sacramenti
1107 4548 1299 4612 Matrimonii
1318 4547 1542 4612 celebrationem
1563 4544 1678 4609 accedat
1700 4539 1792 4600 insta·

178 4642 359 4710 tigrane.
1254 4660 1256 4667 ν

260 4709 352 4783 Tum.
387 4710 445 4772 v1.
512 4686 554 4721 ⁸
958 4678 992 4693 ι’
1263 4712 1295 4774 Α
1336 4733 1353 4791 3
