4084 5242
578 93 725 203 448

487 206 544 271 ᾖ,
587 224 714 278 mp,
761 189 1064 271 Nonnulli
1100 216 1161 261 n.
1211 189 1413 269 Mu&
1458 214 1582 275 seq.
1629 192 1850 262 subtit.
1885 206 1960 264 de
1987 203 2101 269 Re-

482 282 728 361 scriptis
770 271 968 351 ample
1013 274 1426 343 demonstrat.

560 362 617 444 ᾗ.
668 381 762 436 31.
805 353 991 444 Quod
1040 360 1089 422 si
1144 354 1309 422 forte
1349 360 1484 434 quis
1527 351 1643 420 hoc
1686 377 1939 433 unquam
1967 358 2122 435 obji-

477 459 649 512 ceret
675 484 693 515 ,
743 460 1096 506 concessum
1141 456 1303 515 saepe
1349 435 1789 511 abApostolica
1805 438 1956 506 Sede
1974 435 2123 504 fuis-

482 546 584 601 se,
631 538 816 602 atque
862 525 1052 588 etiam
1093 540 1294 593 nunc,
1338 535 1474 595 post
1491 514 1926 584 Tridentinum
1960 524 2122 584 Con-

485 604 742 681 cilium,
801 603 1034 670 Altaris
1079 601 1295 665 viatici
1351 618 1527 663 usum
1570 600 1863 666 concedit
1904 621 1924 682 3
1976 604 2121 691 Isra-

484 686 884 753 ternitatibus
928 686 1146 751 vestris
1194 696 1404 746 notum
1445 699 1580 744 esse
1621 680 1807 747 debet
1856 725 1875 756 ,
1918 680 2121 757 hujus-

484 771 657 834 modi
705 763 1091 844 privilegium
1132 765 1198 827 in
1239 764 1316 828 iis
1359 761 1506 828 locis
1554 761 1814 826 concedi
1855 763 1957 828 ubi
2003 764 2123 828 Ec-

489 848 704 916 clesiae
746 867 863 910 non
903 863 1079 922 sunt,
1121 860 1225 908 aut
1269 847 1326 908 si
1371 859 1548 920 sunt,
1592 842 1728 906 talis
1777 846 2122 910 Haeretico-

484 951 619 996 rum
668 927 942 1004 potentia
983 943 1116 1002 est,
1161 942 1230 990 ut
1278 927 1340 990 in
1382 923 1625 989 easdem
1664 921 1968 992 Catholici
2002 947 2121 992 non

486 1015 619 1079 sine
661 1010 834 1086 gravi
876 1003 1151 1084 periculo
1195 1004 1271 1070 ad
1311 1003 1667 1070 audiendam
1703 1009 1958 1071 Missam
1974 1031 2119 1074 con-

480 1094 693 1158 venire
741 1090 969 1166 possint
993 1135 1010 1154 .
1066 1090 1205 1151 Uno
1245 1086 1429 1152 verbo
1470 1089 1721 1164 praecise
1762 1093 2119 1154 necessitati

482 1167 883 1254 providetur,
950 1164 1111 1248 quod
1153 1164 1440 1244 quidem,
1495 1171 1835 1245 utroptime
1896 1172 2121 1245 perspi·

487 1255 685 1330 citis,
728 1250 805 1316 ab
852 1271 964 1328 eo,
1024 1247 1103 1314 de
1143 1266 1265 1324 quo
1308 1248 1576 1324 agimus,
1616 1267 1758 1312 casu
1816 1243 1987 1324 plane
2026 1247 2117 1316 di·

479 1356 693 1403 versus
739 1350 869 1399 est.

561 1413 618 1499 §.
665 1439 757 1493 32.
805 1412 1091 1491 Gregorii
1138 1409 1305 1478 xm.
1353 1410 1720 1473 Decessoris
1765 1414 1954 1477 nostri
1995 1416 2116 1494 pri-

480 1499 771 1575 vilegium
825 1494 1053 1571 legite,
1114 1487 1275 1568 quod
1341 1509 1498 1552 anno
1565 1512 1627 1564 15
1643 1497 1736 1555 80.
1808 1493 2113 1560 Fratribus

478 1577 732 1646 Ordinis
773 1572 1250 1641 Praedicatorum
1290 1573 1630 1636 Provinciae
1672 1570 1941 1640 Poloniae
1973 1584 2116 1641 con·-

479 1661 713 1735 cessit,
758 1654 916 1737 quod
957 1653 1214 1720 Bullario
1267 1650 1581 1731 Religiose
1627 1651 1784 1716 illius
1844 1658 2115 1725 Familiae

475 1761 618 1811 tom.
661 1764 716 1815 7.
803 1760 894 1823 ag.
950 1761 1079 1816 ¹92·
1123 1738 1418 1810 insertum
1462 1751 1595 1799 est:
1649 1741 1720 1798 In
1759 1735 2115 1814 quibusdam

479 1820 744 1892 civitati
783 1842 853 1885 us
872 1865 891 1897 ,
938 1813 1187 1899 oppidis
1208 1861 1226 1891 ,
1267 1807 1354 1885 δ’
1391 1816 1536 1881 locis
1573 1815 1911 1880 Provincia·
1949 1820 2116 1884 Polo-

475 1901 595 1970 niae
639 1915 815 1967 tanta
856 1896 1287 1966 Haereticorum
1324 1894 1595 1976 potentia
1612 1939 1630 1968 ,
1707 1890 1796 1965 dy·
1838 1896 2115 1977 impietas

475 1985 692 2049 existit
712 2028 730 2059 ,
792 1998 861 2047 ut
904 1973 1234 2046 catholicos
1276 1977 1511 2054 impune
1566 1975 1896 2118 oplprimant
1934 2021 1954 2053 ,
2012 1996 2122 2042 nec

475 2062 700 2130 iisdem
739 2059 1062 2131 Catholicis
1107 2056 1342 2118 Missas
1382 2055 1447 2117 in
1494 2060 1618 2121 Ecc
1643 2054 1788 2121 esiis
1811 2101 1829 2133 ,
1875 2075 2126 2137 quarum

484 2144 720 2207 raritas
765 2141 831 2204 in
871 2138 1000 2200 illis
1034 2129 1315 2214 partibus
1357 2134 1572 2199 existit
1592 2178 1611 2210 ,
1649 2133 1861 2201 audire
1891 2154 2017 2203 tuto
2046 2136 2122 2201 li-

465 2229 612 2287 'ceat
628 2270 643 2287 .
684 2223 821 2297 ‘Nos
867 2210 1392 2297 supplicationibus
1438 2214 1560 2278 tuis
1609 2215 1675 2278 in
1717 2214 1828 2282 hac
1835 2228 2014 2298 parte
2029 2218 2123 2281 in-

471 2300 693 2366 clinati
707 2345 724 2377 ‚
769 2295 882 2361 tibi
897 2343 914 2374 ‚
961 2318 1033 2359 ac
1068 2306 1176 2375 pro
1220 2305 1472 2375 tempore
1531 2294 1820 2360 existenti
1872 2297 2123 2363 Ordinis

469 2386 761 2447 Fratrum
804 2377 1271 2444 Praedicatorum
1283 2372 1626 2439 Provincia·
1637 2375 1896 2440 Poloniae
1917 2379 2127 2441 Priori

473 2457 856 2525 Provinciali
875 2503 894 2534 ,
933 2473 1000 2520 ut
1045 2453 1352 2518 licentiam
1367 2498 1385 2529 ,
1423 2449 1510 2524 ἅθ’*
1542 2449 1910 2534 facultatem
1941 2453 2123 2520 dietis

469 2533 927 2620 Professoribus
962 2533 1229 2605 ‚Altaria
1241 2531 1555 2613 portatilia
1567 2529 1824 2600 habendi
1854 2556 1987 2600 cum
2013 2535 2117 2600 de-

470 2613 620 2681 bitis
664 2617 1010 2682 reverentia
1023 2661 1043 2694 ,
1079 2607 1166 2684 15·
1182 2610 1420 2706 ‘honore
1437 2655 1456 2687 ,
1501 2624 1679 2693 mper
1709 2611 1921 2694 quibus
1939 2614 2117 2709 indo-

471 2692 669 2761 mibus
706 2691 1015 2772 Nobilium
1053 2703 1291 2763 Civium
1306 2736 1324 2767 ,
1365 2687 1455 2762 ἐς·
1490 2691 1825 2757 Incolarum
1940 2697 1954 2713 ’
1998 2708 2115 2757 sta-

469 2792 602 2841 tum
626 2822 643 2852 ,
684 2774 1044 2856 oppidorum
1059 2819 1077 2849 ,
1117 2768 1204 2840 ἐν
1242 2769 1494 2833 locorum
1535 2767 1706 2833 didlae
1737 2772 2077 2836 Provincia
2092 2818 2112 2850 ‚

466 2855 536 2923 in
575 2851 788 2938 quibus
812 2899 829 2931 ‚
870 2854 982 2920 vel
1017 2847 1305 2920 Ecclesia
1347 2847 1567 2913 desunt
1583 2893 1602 2923 ,
1645 2849 1758 2913 vel
1791 2865 1965 2913 tanta
2019 2866 2115 2916 est

468 2932 884 3004 bar-eticorum
937 2928 1217 3014 potentia
1231 2969 1250 3000 ,
1302 2921 1391 2994 (9³
1427 2928 1701 3008 impietas
1718 2974 1736 3005 ,
1774 2944 1840 2990 ut
1877 2928 2113 3009 impune

534 3017 804 3095 primam
819 3059 836 3091 ‚
893 3014 961 3078 in
1014 3009 1158 3073 locis
1202 3000 1285 3067 ad
1327 3002 1433 3067 hoc
1488 3001 1972 3087 congruentibus,
2022 3005 2110 3080 <9-

513 3095 736 3156 0nestis
752 3136 771 3169 ‚
802 3102 920 3174 per
964 3108 1032 3153 se
1076 3087 1235 3166 ipsos
1275 3083 1510 3147 Missas
1545 3085 1934 3162 inpraesentia
1956 3094 2108 3153 Per·

467 3191 745 3236 sonarum
789 3167 1225 3239 catholicarum
1261 3157 1562 3254 celebrare
1592 3164 1829 3248 possint
1847 3209 1866 3241 ,
1905 3167 1970 3230 in
2005 3191 2105 3233 ca-

453 3247 638 3312 ·sibus
676 3246 1065 3309 necessitatis
1110 3250 1346 3331 ratitum
1362 3282 1378 3312 ,
1419 3255 1511 3303 sta
1547 3244 1703 3322 quod
1746 3246 1835 3309 eis
1881 3246 1964 3311 ad
1976 3255 2101 3318 cul..

453 3338 601 3409 pam
643 3338 895 3402 nequeat
937 3322 1221 3396 imputari
1239 3360 1258 3390 ‚
1299 3319 1619 3387 concedere
1659 3326 1923 3389 valeatis
1937 3373 1958 3405 ,
1997 3344 2100 3402 Λ-

459 3402 750 3485 postolica
786 3395 1133 3462 auHoritate
1172 3409 1371 3461 tenore
1407 3406 1795 3479 prementium
1835 3404 1912 3472 de
1963 3424 2098 3495 spe..

463 3481 612 3548 ciali
636 3480 842 3561 gratia
877 3474 1266 3567 imdulgemus
1282 3525 1300 3544 .

542 3552 599 3642 §.
650 3580 743 3634 33.
787 3557 1002 3635 Legite
1042 3559 1194 3620 item
1240 3567 1929 3642 Jamsuperiuscitatum
1947 3575 2093 3642 Cle-

461 3642 687 3705 mentis
726 3641 836 3703 xl.
855 3642 1201 3702 Decretum
1222 3685 1240 3717 ,
1281 3642 1441 3720 quod
1461 3646 1704 3724 majoris
1722 3654 1909 3718 etiam
1924 3677 2091 3722 com-

460 3716 775 3784 moditatis
838 3734 1060 3784 vestrae
1113 3726 1341 3801 gratia,
1402 3723 1505 3790 hic
1570 3750 1865 3796 annexum
1919 3738 2058 3803 vob·

460 3799 978 3879 transmittimus3
1013 3802 1294 3880 etiamsi,
1336 3821 1470 3871 tum
1509 3829 1654 3873 cum
1701 3811 1847 3879 illud
1882 3763 2094 3884 condi-⁵-

458 3896 593 3944 tum
635 3874 792 3956 fuit,
818 3898 1054 4024 Xraeter
1095 3883 1856 3969 publicationemeiusdem
1873 3899 2093 3967 Romae

463 3957 723 4034 fallam,
781 3981 816 4023 a
902 3959 1258 4029 ‚ordinarios
1313 3986 1421 4044 per
1458 3967 1592 4033 loca
1683 3989 1809 4038 tam
1866 3981 2027 4048 intra,

462 4062 635 4134 quam
679 4058 851 4102 extra
890 4040 1132 4106 Italiam
1152 4051 1570 4120 transmissum
1585 4019 1776 4141 fuisse
1790 4032 2091 4134 sciamus:

462 4122 559 4186 Ab
607 4142 731 4194 apso
771 4142 974 4186 antem
1009 4121 1234 4201 absque
1280 4146 1355 4192 eo
1396 4131 1557 4208 quod
1614 4143 1845 4204 nostris
1905 4150 2092 4213 ratio-

458 4202 663 4274 nibus,
731 4202 799 4266 &c
847 4202 1451 4275 animadversionibus
1510 4218 1639 4279 Nos
1706 4218 1870 4284 idem
1922 4227 2099 4294 robo-

458 4282 711 4374 randum
763 4286 1188 4373 uraselpiamus,
1235 4287 1260 4364 (
1300 4290 1457 4366 quod
1478 4294 1949 4372 quidemfacere
1966 4312 2094 4374 No.

458 4362 547 4422 bis
600 4382 651 4422 m
699 4366 948 4450 proclivi
993 4377 1194 4441 esset,
1230 4390 1376 4436 cum
1417 4382 1945 4462 praestantiorum,
1994 4391 2089 4452 in..

458 4442 899 4527 ter-‚Pontiliffii
945 4448 1100 4524 Juris
1144 4452 1408 4529 peritos,
1447 4457 1781 4526 Aut'torum
1798 4470 2082 4536 assertio-

462 4542 571 4590 nes
615 4526 831 4602 Ubique
879 4530 1230 4608 inpromptu
1246 4532 1406 4619 sint,
1440 4534 1472 4621 )
1516 4537 2076 4632 monifestecoguo-

1390 83 2943 171 ORATORIUM.

2168 214 2341 261 scere
2387 197 2707 273 poteritis,
2754 195 3079 261 subsistant
3124 213 3244 264 nec
3288 210 3369 262 ne
3407 202 3659 283 amplius
3678 224 3825 290 por..

2185 276 2378 356 tatilis
2420 275 2643 340 Altaris
2685 274 3036 355 privilegia,
3082 298 3217 354 quae
3235 279 3635 358 Regularibus
3666 280 3827 356 conL

2181 379 2356 424 cessa
2394 351 2673 433 fuerunt,
2718 356 2788 422 ὃ(
2834 378 2975 420 num
3018 380 3054 420 a
3108 359 3470 427 Tridentino
3520 373 3828 440 Concilio

2191 438 2422 504 eisdem
2462 433 2695 502 fuerint
2734 437 3124 516 derogatum.
3186 444 3625 528 cognoscetis,
3665 477 3827 518 num

2188 522 2546 598 permissum
2587 518 2991 598 Regularibus
3013 523 3133 597 sit,
3173 523 3505 588 secundam
3543 532 3604 592 in
3619 538 3828 608 priva..

2192 616 2257 666 to
2294 602 2580 665 oratorio
2625 603 2888 678 cuipiam
2925 621 3219 667 concesso
3258 608 3521 670 Missam
3536 610 3821 677 celebra-

2188 699 2294 753 re,
2340 701 2480 744 cnm
2524 682 2713 757 prima
2758 681 2877 757 jam
2923 679 3230 747 celebrata
3272 702 3403 763 est,
3446 686 3560 752 nec
3606 712 3831 768 prose-

2191 759 2385 826 cunda
2425 759 2763 835 hujusmodi
2805 763 3000 826 Missa
3046 762 3357 841 peculiare
3404 766 3705 836 indultum
3757 796 3832 837 aa·

2190 841 2364 907 dest.
2412 843 2854 919 cognoscetis,
2922 861 3063 906 num
3101 847 3164 907 in
3223 845 3530 923 praedietis
3572 857 3836 928 privatis

2185 924 2489 987 oratoriis
2548 918 2788 986 licitum
2824 920 3057 988 eisdem
3095 928 3213 1002 sit,
3272 924 3367 990 vel
3424 943 3569 994 ante
3623 937 3829 1000 Auro-

2187 1024 2356 1079 ram,
2412 1002 2509 1067 vel
2569 1021 2701 1080 post
2759 1004 3116 1082 meridiem,
3176 1009 3439 1071 Missam
3506 1008 3827 1079 celebrare

2186 1086 2466 1151 eamdem
2512 1086 2742 1163 possint
2779 1083 2988 1149 diebus
3032 1087 3145 1163 iis,
3192 1088 3297 1164 qul
3349 1090 3410 1151 in
3449 1089 3685 1157 Indulto
3712 1116 3827 1159 ex-

2186 1168 2501 1245 cipiuntur
2516 1212 2532 1229 .
2553 1167 2951 1240 cognoscetis
2973 1163 3213 1229 demum
3234 1212 3254 1244 ,
3271 1187 3413 1230 num
3430 1176 3829 1249 exemptione

2185 1246 2616 1322 nonobstante,
2633 1259 2845 1308 contra
2859 1241 3279 1323 delinquentes
3312 1250 3681 1323 procedendi

2181 1344 2366 1393 testas
2417 1327 2586 1393 vobis
2631 1327 2748 1390 sit.
2792 1326 2968 1390 Licet
3011 1343 3217 1391 autem
3263 1328 3425 1391 nulla
3454 1276 3830 1399 omniaom-

2185 1407 2349 1486 jusce
2397 1411 2486 1474 rei
2534 1407 2864 1472 necessitas
2907 1407 3024 1481 sit,
3065 1405 3208 1471 illud
3249 1414 3379 1474 Nos
3441 1410 3506 1474 in
3559 1433 3824 1489 praesen-

2184 1491 2270 1553 tia
2307 1493 2650 1552 Decretum
2689 1483 3146 1563 confirmamus,
3208 1509 3283 1551 ac
3341 1493 3825 1563 Fraternitatum

2185 1585 2528 1632 vestrarum
2568 1587 2733 1632 curae
2791 1568 3272 1644 committimus,
3327 1587 3396 1632 ut
3437 1590 3546 1646 pro
3604 1577 3820 1643 exasta

2184 1647 2458 1727 ejusdem
2515 1647 2896 1712 observantia
2936 1646 3319 1728 invigiletis3
3372 1671 3510 1714 cum
3549 1657 3817 1722 minime

2184 1725 2707 1796 commendatione
2752 1725 2998 1805 dignum
3040 1730 3119 1792 sit
3160 1726 3237 1793 ad
3281 1729 3495 1794 sedern
3554 1738 3821 1810 Aposto-

2183 1809 2368 1876 licam
2424 1829 2737 1873 recurrere
2775 1853 2795 1883 ,
2850 1809 3337 1874 inconvenientia
3402 1814 3755 1888 exponendo
3797 1862 3819 1895 ,

2185 1892 2301 1956 nisi
2349 1892 2509 1967 prius
2547 1886 2815 1953 adhibita
2832 1909 2970 1953 cum
3019 1892 3222 1968 vigore
3263 1912 3338 1956 ea
3357 1892 3631 1956 remedia
3658 1897 3818 1972 sint,

2188 1993 2320 2050 quae
2363 1971 2439 2035 ab
2485 1972 2608 2048 ipsa
2647 1969 2987 2046 Apostolica
3024 1970 3174 2035 Sede
3224 1989 3448 2037 contra
3502 1970 3814 2050 hujusmo-

2190 2053 2256 2119 di
2301 2052 2785 2116 inconvenientia
2826 2050 3263 2115 subministrata
3305 2047 3566 2118 fuerunt
3588 2103 3606 2121 .

2268 2130 2323 2215 §.
2370 2155 2464 2210 34·
2526 2139 2596 2199 In
2643 2150 2747 2206 eo,
2798 2134 2894 2213 qui
2930 2129 3004 2193 ad
3021 2135 3147 2196 Nos
3177 2125 3364 2197 fastus
3404 2152 3545 2210 est,
3594 2157 3816 2203 recur-

2189 2234 2295 2291 su,
2337 2214 2593 2278 alterius
2638 2215 2818 2275 etiam
2857 2212 3320 2275 inconvenientis
3372 2217 3607 2280 mentio
3662 2214 3741 2282 fit
3786 2264 3812 2296 ,

2191 2293 2348 2374 quod
2388 2291 2633 2360 scilicet
2677 2292 2807 2356 sine
2847 2289 3090 2353 licentia
3134 2307 3331 2353 vestra
3353 2293 3677 2370 Regulam
3730 2321 3804 2365 e-

2184 2377 2551 2455 xorcizent3
2600 2371 2679 2437 de
2721 2367 2834 2435 hoc
2873 2385 3073 2452 tamen
3114 2366 3260 2433 nihil
3289 2369 3508 2436 dicitnr
3535 2416 3554 2447 ,
3596 2394 3811 2441 utrum

2185 2475 2299 2532 per
2344 2477 2486 2531 vos,
2526 2471 2629 2518 aut
2670 2456 2732 2517 in
2774 2449 3023 2528 Synodis
3067 2453 3321 2526 vestris,
3359 2467 3463 2513 aut
3508 2454 3571 2513 in
3587 2459 3812 2521 vestris

2192 2535 2424 2600 Ediciis
2467 2539 2813 2600 Decretum
2861 2523 3083 2606 fuerit,
3136 2550 3210 2595 ne
3270 2529 3422 2593 ullus
3479 2532 3811 2613 Sacerdos,

2179 2615 2281 2679 vel
2340 2615 2653 2678 Saecularis
2684 2658 2704 2689 ,
2767 2611 2865 2677 vel
2925 2608 3237 2690 Regularis
3300 2612 3649 2679 exorcizare
3707 2637 3813 2680 au-

2181 2691 2359 2769 deat,
2406 2696 2533 2756 sive
2578 2695 2637 2754 in
2677 2713 2824 2768 sua,
2867 2696 2999 2757 sive
3038 2696 3097 2756 in
3135 2692 3326 2758 aliena
3364 2691 3677 2770 Ecclesia,
3717 2698 3804 2764 si-

2179 2791 2254 2835 ve
2302 2774 2497 2848 intra,
2537 2774 2665 2836 sive
2704 2790 2886 2838 extra
2926 2773 3324 2850 Coenobium,
3370 2775 3514 2849 quin
3569 2776 3728 2850 prius
3774 2799 3812 2840 a

2182 2850 2355 2916 vobis
2395 2852 2759 2930 approbatus
2801 2854 2890 2918 sit
2916 2897 2935 2929 ,
2982 2872 3166 2933 atque
3206 2856 3327 2931 ita,
3364 2855 3505 2930 quin
3553 2872 3692 2921 ante
3733 2857 3809 2921 li·

2179 2935 2447 3014 centiam
2504 2953 2539 2995 a
2583 2935 2757 2999 vobis
2810 2934 3181 3001 obtinuerit.
3239 2939 3376 3000 Hoc
3445 2932 3594 2999 illud
3642 2956 3736 3002 est
3783 2984 3809 3015 ,

2175 3011 2337 3091 quod
2396 3017 2673 3090 praestari
2728 3013 2916 3083 debet
2934 3060 2954 3092 ,
3014 3013 3286 3094 quodque
3339 3014 3413 3078 ab
3486 3017 3807 3096 Episcopis

2176 3097 2453 3170 praestari
2500 3092 2699 3172 solet,
2760 3096 3275 3174 quemadmodum
3329 3094 3481 3172 apud
3518 3096 3803 3164 clerica-

2175 3189 2306 3238 tum
2322 3175 2399 3239 de
2412 3182 2794 3241 Sacramento
2810 3177 3062 3243 Ordinis
3080 3175 3267 3245 decis.
3290 3199 3384 3253 29.
3400 3197 3547 3245 mn.
3565 3181 3809 3261 ’,τῳδὶ

2161 3254 2548 3400 -Episcofales
2587 3255 2856 3337 synodos
2900 3251 3079 3324 affert
3095 3304 3115 3335 ,
3164 3255 3373 3326 videre
3401 3255 3538 3325 licet
3554 3308 3571 3328 .
3612 3260 3817 3349 Quod

2167 3339 2235 3401 si'
2266 3335 2389 3401 nihi
2415 3340 2692 3415 ominus,
2738 3356 3054 3417 postquam
3087 3361 3132 3402 a
3170 3341 3380 3417 vobis,
3429 3359 3554 3404 tam
3593 3346 3657 3406 in

2164 3422 2418 3484 materia
2439 3465 2459 3497 ‚
2499 3440 2682 3498 quam
2727 3423 2788 3483 in
2827 3419 2944 3485 alia
2981 3424 3335 3488 oratorium
3391 3425 3771 3500 privatorum
3789 3467 3813 3500 ,

2157 3518 2451 3578 quantum
2493 3502 2558 3564 in
2598 3500 2766 3566 nobis
2786 3517 2917 3581 est,
2958 3507 3305 3581 praestitum
3333 3500 3562 3580 fuerit,
3601 3522 3814 3571 vestra

2159 3579 2544 3646 nihilominus
2589 3599 2898 3660 praecepta
2938 3585 3357 3664 violabuntur,
3411 3607 3485 3649 ac
3526 3590 3743 3657 Poenae
3785 3631 3810 3662 ,

2159 3661 2329 3726 vobis
2369 3663 2707 3741 impositae,
2750 3661 2821 3730 δε
2855 3662 3107 3734 inflicto:
3125 3667 3541 3748 negligennu3
3588 3686 3810 3743 nequa-

2155 3762 2337 3823 quam
2381 3756 2556 3812 certe
2581 3752 2727 3813 Nos
2770 3743 2973 3814 officio
3017 3764 3224 3816 nostro
3239 3748 3546 3815 deerimus
3564 3792 3585 3824 ,
3631 3752 3831 3813 utto—'

2143 3842 2289 3904 ‚tam
2332 3824 2763 3896 melioritatem
2803 3847 3073 3894 nostram
3120 3835 3182 3895 in
3226 3823 3496 3896 favorem
3541 3846 3807 3895 vestrum

2160 3910 2648 3988 interponamus,
2686 3924 2828 3974 cum
2874 3908 3023 3976 nihil
3065 3914 3370 3990 antiquius
3413 3911 3615 3976 Nobis
3660 3912 3745 3975 sit
3778 3956 3801 3986 ‚

2162 4010 2342 4071 ‘1¹³¹am
2386 4008 2455 4055 ¹st
2498 3994 2932 4069 Episcopomm
2951 4035 2971 4067 ,
3014 3997 3379 4085 qui‘Fratres
3392 3994 3611 4058 Nostri
3629 4007 3801 4066 sunt,

2138 4072 2296 4151 jura
2333 4089 2492 4138 sarta
2540 4072 2701 4138 testa
2741 4090 3097 4141 serventur.
3162 4077 3419 4139 Interim
3477 4091 3607 4138 tam
3657 4074 3801 4135 Fra-

2165 4154 2552 4220 ternitatibus
2594 4155 2854 4230 vestris,
2901 4168 3077 4231 quam
3122 4154 3544 4232 Populiscurae
3574 4173 3805 4217 vestm:

2158 4237 2508 4333 commissis
2538 4232 2970 4332 ‘Apostolicam
2987 4235 3475 4304 Benedictionem
3486 4253 3801 4317 peraman-

2152 4332 2264 4384 ter
2295 4331 2695 4395 'impertimur
2712 4363 2730 4382 .

2310 4480 2551 4553 Datum
2564 4500 2643 4546 ex
2658 4477 2824 4548 Arce
2858 4481 3199 4562 Gandulphi
3228 4483 3397 4550 dien..
3431 4482 3588 4564 Junii
3615 4498 3786 4554 1751.

2386 4558 2783 4634 Pontificum
2818 4568 3023 4637 nostri
3062 4569 3241 4636 Anno
3284 4563 3705 4706 [1αᾶεείεὸἳέ-
